2163 2788
1068 66 1124 86 VH!

285 148 393 186 ὀγκίαν
416 151 582 191 Epicharmo
609 152 722 182 Photius
746 157 772 185 et
795 152 955 182 Eustathius
977 152 1125 188 vindicant,
1151 153 1201 182 sed
1225 148 1399 190 ἧμιούγκιον
1422 153 1600 182 antiatticista
1622 152 1710 182 Bekk.
1731 152 1752 182 Ι.
1776 152 1827 188 98,
1848 153 1891 183 33

287 214 323 234 ex
344 205 511 244 Epicharmo
534 206 623 240 affert,
647 211 729 244 atque
752 204 859 241 οὗγκία
882 206 1048 236 Aristoteles
1069 206 1117 235 alii
1142 206 1286 236 dixerunt:
1312 204 1406 240 nirata
1430 207 1565 235 minimam
1591 206 1673 236 habet
1695 208 1895 241 auctoritatem.

286 267 349 288 nam
374 258 502 289 Pollucis
526 259 590 288 libri
615 259 802 295 πεττόνκιον,
823 269 877 289 nou
903 258 1089 294 πεντώγκῑον
1116 259 1253 289 exhibent.
1290 259 1370 295 Quod
1390 260 1416 288 in
1440 260 1557 288 nummis
1579 257 1775 297 Syracusanis
1790 259 1895 298 legitur

285 315 394 347 οΓΚΙ.,
418 314 550 351 ambigua
574 319 617 343 est
639 314 709 343 haec
733 316 870 353 scriptura
884 314 935 352 θ),
962 315 985 343 si
1011 315 1122 352 priscae
1145 318 1208 342 suut
1228 315 1336 343 aetatis.

379 366 467 395 Video
501 376 573 395 nuuc
605 369 685 395 etiam
719 367 890 395 Hultschium
923 367 1023 405 Script.
1045 365 1149 394 metrol.
1173 365 1192 393 1.
1218 367 1281 394 293
1312 366 1383 394 hunc
1409 365 1564 404 Epicharmi
1595 366 1686 395 locum
1719 366 1891 405 adhibuisse,

287 429 368 459 quem
391 421 434 450 sic
459 420 656 450 conformavit:

668 516 671 520 .
785 478 852 514 Ἐγώ
875 479 933 516 γὰρ
959 502 964 508 .
990 503 995 508 .
1023 503 1028 508 ,
1057 478 1106 518 [τό
1126 488 1159 514 γε
1183 478 1358 515 βαλάντιον]

645 532 807 571 λιτροόόκᾳ
830 533 936 571 λίτραν
959 531 1080 570 σωτῆρ’
1101 532 1240 565 ἑξάντιον
1266 529 1329 574 [τε]
1353 533 1541 569 πεντόγκιον,

288 618 337 646 sed
363 617 497 646 eiusmodi
521 618 768 655 interpretamentis
793 617 917 646 Pollucis
937 617 1025 645 libros
1050 621 1146 645 auctos
1157 625 1222 645 esse
1246 617 1356 653 ignoro,
1378 626 1467 654 neque
1484 615 1659 654 δεκάλιτρος
1673 616 1795 655 πατήρ,
1815 617 1889 655 quod

286 671 368 709 plane
392 672 418 699 in
451 671 594 700 codicibus
630 670 746 707 legitur,
771 675 830 699 erat
855 671 1014 699 coniectura
1036 669 1201 698 tentandum.
1250 669 1345 708 Neque
1370 669 1497 699 offendor
1520 676 1649 709 correpta
1673 670 1785 709 syllaba
1810 672 1888 700 vocis

286 724 471 763 δεκάλιτρος,
496 733 659 762 quamquam
684 733 752 752 sane
778 729 804 752 et
823 723 893 762 apud
909 722 1097 761 Epicharmum
1121 730 1147 751 et
1173 723 1244 761 apud
1269 723 1342 752 alios
1363 723 1451 760 λίτρα
1474 724 1607 762 producte
1631 723 1687 753 dici
1709 724 1790 759 solet,
1815 724 1891 754 velut

286 778 357 818 apud
382 778 548 808 Nicandrum
580 778 658 807 Alex.
685 778 765 811 329,
800 783 881 816 atque
914 779 940 806 in
964 776 1085 806 Monum.
1112 778 1212 814 Ancyr.
1238 776 1342 815 λείτρα
1367 779 1513 817 scriptum,
1541 783 1631 807 tamen
1656 777 1836 808 Damocrates
1861 779 1889 807 in

287 833 411 861 medicae
435 834 503 860 artis
528 833 682 870 praeceptis
707 840 756 869 pro
781 831 895 859 arbitrio
921 837 946 859 et
972 836 1098 868 correpte
1123 836 1148 858 et
1170 831 1301 868 producte
1328 833 1487 860 enuntiavit.

374 885 528 925 Epicharmi
552 886 712 914 sententiam
732 894 755 923 p.
782 885 844 914 257
865 885 959 923 possis
980 884 1014 912 ad
1039 884 1145 913 iambos
1170 893 1313 918 revocare.
1338 886 1361 914 si
1387 886 1553 924 scripseris:

970 957 1055 987 Λῧτα
1079 959 1168 996 φύσις

644 1013 664 1043 ἀ
673 1016 721 1043 νθ
734 1025 750 1052 ρ
762 1025 784 1043 ω
795 1016 870 1043 πίω
879 1024 895 1042 ν
919 1012 1004 1042 ἀσκοὶ
1025 1016 1260 1051 πεφυσιωμένοι.

284 1097 359 1120 certe
380 1091 574 1120 deminutivum
599 1089 765 1119 vocabulum
790 1090 852 1118 huic
876 1090 939 1119 loco
964 1091 1142 1129 aptissimum,
1167 1089 1215 1118 sed
1238 1091 1464 1127 πεφυσιαμένοι
1488 1091 1534 1120 vix
1557 1096 1669 1124 rectum,
1694 1099 1756 1120 uam
1771 1087 1887 1127 φυσιᾶν

285 1151 326 1175 est
350 1146 517 1184 spirare,
541 1154 630 1183 neque
653 1141 832 1181 φυσιᾶσθαι
857 1143 891 1173 ad
916 1153 976 1173 eum
1002 1143 1109 1173 modum
1128 1144 1236 1177 dicitur,
1260 1154 1314 1183 qno
1328 1142 1502 1182 φυσᾶσθαι,
1530 1146 1547 1174 i.
1567 1155 1590 1175 e.
1605 1145 1756 1175 inflari.
1785 1144 1888 1174 Viden-

283 1205 327 1228 tur
353 1200 500 1238 septenarii
524 1200 693 1238 auapaestici
718 1198 854 1237 reliquiae
878 1208 959 1227 esse:

641 1272 726 1303 Λῧτα
750 1274 842 1311 φύσις
866 1272 1049 1312 ἀνθρώπων,
1073 1272 1161 1302 ἀσκοὶ
1185 1283 1207 1311 φ
1217 1284 1233 1302 v
1244 1282 1263 1302 σ
1272 1274 1318 1311 ἅμ
1327 1285 1341 1303 ε
1351 1285 1367 1302 ν
1375 1285 1390 1303 o
1399 1286 1419 1303 ι.

284 1358 414 1396 neglecta
438 1358 568 1391 diaeresi.
593 1363 619 1387 ut
646 1364 687 1387 est
712 1360 739 1387 in
752 1358 910 1396 Aeschyleo
934 1367 1018 1387 versu
1043 1356 1097 1386 νῦν
1121 1357 1145 1386 δ’
1170 1355 1208 1387 αὖ
1232 1360 1331 1396 τρίτος
1354 1356 1432 1395 ἦλθέ
1453 1359 1552 1387 ποθεν
1577 1357 1683 1396 σωτήρ.
1721 1357 1795 1387 Sane
1808 1366 1889 1397 prae-

285 1413 372 1440 sentis
393 1412 523 1450 temporis
544 1411 607 1440 loco
633 1413 807 1450 praeteritum
831 1412 874 1441 hic
898 1413 1004 1450 aptius,
1028 1422 1116 1451 neque
1140 1419 1228 1441 tamen
1253 1411 1340 1441 α’σκοὶ
1359 1412 1619 1450 ποιφυξάμεν
1631 1423 1668 1441 οι
1698 1413 1766 1441 satis
1790 1411 1889 1450 placet.

284 1465 373 1494 Huius
394 1464 458 1494 dicti
486 1465 632 1494 consilium
658 1465 785 1494 videntur
809 1467 972 1504 interpretes
996 1475 1050 1494 non
1074 1468 1143 1495 satis
1168 1469 1289 1496 assecuti
1315 1477 1395 1501 esse;
1419 1472 1499 1506 poeta
1519 1467 1586 1495 nihil
1609 1466 1684 1495 aliud
1711 1465 1784 1497 dicit,
1808 1473 1889 1503 quam

283 1519 358 1558 quod
383 1518 464 1548 Timo
489 1518 681 1557 sillograpltus
706 1519 778 1557 apud
804 1518 906 1549 Euseb.
931 1519 1026 1558 Praep.
1048 1529 1089 1549 ev.
1115 1519 1189 1549 Xtv.
1219 1521 1272 1550 18:

634 1592 818 1630 ’Ἄνθρωποι
844 1594 946 1632 κενεῆς
970 1595 1086 1633 οἳήσιος
1111 1594 1240 1632 ἔμπλεοι
1265 1594 1363 1625 ἀσκοί.

282 1680 328 1716 qui
360 1678 414 1708 hoc
440 1677 649 1722 Epicharmeum
682 1680 811 1718 respexit.
846 1696 890 1700 —
917 1679 1064 1709 Exordium
1099 1679 1142 1709 Fr.
1168 1681 1209 1709 43
1233 1690 1257 1719 p.
1283 1681 1346 1710 270
1371 1680 1489 1709 nondum
1516 1681 1682 1713 restitutum⁷
1713 1684 1794 1718 poeta
1816 1679 1887 1708 haud

285 1733 369 1761 dubie
392 1734 559 1771 scripserat:

640 1793 826 1829 Θαυμαστὸν
848 1791 935 1822 οὐδέν
956 1792 1021 1822 ἐστι
1043 1791 1135 1822 ταῦθ’
1156 1791 1233 1822 οὕτω
1258 1794 1411 1822 πέλειν.

279 1877 333 1897 non
361 1868 472 1902 λέγεινῑ
499 1868 601 1896 ibidem
625 1877 736 1897 versum
758 1869 937 1897 novissimum
958 1868 1058 1896 dudum
1080 1873 1142 1896 ante
1159 1869 1290 1897 Cobetum
1304 1869 1496 1907 suppieveram
1518 1866 1585 1899 ὄνος
1598 1867 1622 1895 δ’
1639 1867 1698 1905 ὄνῳ
1716 1867 1887 1901 κάλλιστον,

279 1917 313 1954 ὗς
338 1920 373 1950 δέ
392 1922 453 1959 θην
473 1916 520 1956 ὗΐ,
548 1930 609 1951 nam
641 1921 702 1959 θὴν
723 1921 880 1951 encliticam
906 1920 1034 1951 voculam
1059 1930 1124 1951 esse
1148 1920 1228 1951 docet
1252 1921 1417 1961 Apollonius
1440 1922 1467 1950 in
1492 1921 1576 1951 Bekk.
1601 1923 1651 1951 An.
1675 1921 1709 1951 ll.
1733 1921 1804 1954 525,
1832 1920 1883 1951 1⁶3.

279 1993 324 1997 —
345 1976 545 2006 Nobilissimns
571 1985 671 2005 versus
696 1986 721 2015 p.
748 1976 821 2008 279,
847 1984 928 2013 quem
953 1975 1075 2004 fortasse
1100 1977 1179 2004 etiam
1205 1976 1303 2005 Cicero
1327 1975 1369 2004 ad.
1395 1978 1446 2004 An.
1471 1975 1543 2003 Vlll.
1569 1977 1596 2004 2.
1623 1977 1641 2004 3
1663 1977 1798 2015 respexit,
1824 1976 1886 2004 mihi

278 2030 350 2060 hunc
374 2033 401 2060 in
424 2030 533 2061 modum
555 2029 789 2068 redintegrandus
813 2029 935 2059 videtur:

633 2101 667 2133 ‘A
687 2104 720 2133 δὲ
738 2106 802 2142 χεὶρ
826 2104 882 2132 τὰν
904 2106 991 2141 χεῖρα
1013 2104 1106 2137 νίζει·
1129 2103 1180 2136 δός
1203 2114 1241 2137 τι,
1264 2104 1357 2132 τόκα
1379 2106 1416 2132 τί
1440 2114 1484 2133 κα
1508 2104 1657 2140 λάβοις.

350 2202 372 2237 ‘)
390 2204 440 2229 Sed
461 2203 583 2229 videntur
600 2202 759 2229 recentionis
778 2202 873 2228 aetatis
892 2210 959 2233 esse,
978 2201 1012 2227 cf.
1036 2201 1148 2228 Brandis
1167 2202 1337 2227 Manzwesen
1356 2201 1383 2227 in
1402 2201 1575 2227 Vorderasien
1594 2210 1618 2235 p.
1637 2201 1696 2228 279.
