2163 2788
1087 63 1116 83 lv

295 159 333 177 κι
348 159 365 188 ρ
378 159 421 187 ρο
432 148 558 181 ειδέες
584 150 620 178 sit
643 149 827 183 scribendum,
850 149 1039 189 Apollodorus
1051 136 1128 179 certe
1142 158 1185 189 ap.
1206 149 1303 179 Athen.
1317 148 1377 178 vn.
1394 148 1455 178 281
1475 147 1507 184 E,
1525 149 1571 178 ubi
1588 147 1745 187 ἀλφηστὰς
1758 154 1900 184 memorat,

294 204 341 242 qui
368 202 413 232 hic
437 212 492 232 uua
511 212 572 232 cum
598 204 737 233 coracinis
768 208 961 237 recensentur,
991 198 1139 242 descripsit
1162 202 1197 231 τὸ
1219 203 1274 248 4⁴³⁹
1300 200 1371 231 ὅλον
1395 201 1571 240 κιρροειδεῖς
1599 204 1650 242 (ita
1674 203 1695 232 C
1718 211 1736 233 a
1759 212 1799 242 pr.
1825 212 1860 232 m.
1876 207 1904 233 et

293 256 382 296 Etym.
397 256 437 287 M.
463 257 514 291 72,
539 257 590 292 52,
614 255 778 295 κηροειδεῒς
792 256 861 286 PVL
884 262 910 287 et
925 257 1048 287 Crameri
1061 257 1111 286 An.
1124 256 1202 287 Paris
1212 256 1257 286 IV.
1270 257 1332 295 55),
1345 256 1582 295 πορφυρίζοντες
1591 257 1625 287 δὲ
1643 257 1722 286 κατά
1731 267 1801 286 τινα
1819 258 1902 296 μέρη,

294 315 321 340 et
343 311 511 341 Aristoteles
536 312 572 340 ib.
594 309 627 340 ἐν
649 309 692 349 τῷ
716 312 786 349 περὶ
812 310 894 343 ζώων
917 315 1032 339 testatur
1054 310 1252 345 μονάκανθον
1286 309 1365 339 εἶναι
1399 313 1448 340 καὶ
1480 311 1585 349 κιρρὸν
1618 311 1672 340 τὸν
1706 309 1901 349 ἀλφηστικόν.

295 363 422 394 Ceterum
439 364 510 395 idem
535 374 635 395 versus
659 366 739 394 etiam
756 365 784 394 in
801 364 891 394 Musis
915 364 965 393 suit
988 364 1020 393 fr.
1040 364 1078 393 13
1104 374 1127 404 p.
1144 364 1216 399 240,
1240 366 1283 394 cui
1309 364 1529 404 subiungendum
1553 365 1587 395 fr.
1604 365 1631 400 7,
1649 374 1709 395 nam
1725 364 1770 395 hic
1792 373 1903 404 quoque

293 427 394 448 versus
418 421 522 458 pariter
548 421 576 449 in
600 425 716 458 utraque
739 418 834 448 fabula
857 418 1010 455 leg-ebatur.
1035 434 1079 439 -—
1104 418 1130 447 in
1155 418 1336 447 Musarum
1359 427 1442 448 versu
1467 429 1492 458 p.
1517 419 1597 448 238:

1326 489 1413 521 ’Λντὶ
1437 490 1492 521 τοῦ

653 546 773 581 Κόγχος,
797 543 836 573 οἳν
861 544 962 573 τέλλιν
987 544 1128 580 καλέομες
1152 555 1157 562 ·
1180 543 1246 573 ἔστι
1269 545 1294 573 δ’
1318 543 1444 574 ἅδιστον
1468 547 1563 584 κρέας.

295 638 382 676 prima
413 637 499 666 verba
527 638 570 669 vix
602 638 725 674 integra,
760 637 856 665 tentari
881 640 996 674 possunt
1021 635 1116 674 plura,
1149 636 1211 665 mihi
1233 636 1360 666 videntur
1382 637 1464 675 plane
1489 635 1685 674 segreganda:
1731 644 1792 664 nam
1811 634 1898 664 credo

294 690 482 725 Athenaeum,
503 691 548 729 qui
573 689 654 720 modo
686 690 803 729 amplum
834 688 903 718 illud
928 688 1110 726 fragmentum
1135 698 1168 719 ex
1193 689 1288 720 Hebae
1312 692 1413 730 nuptiis
1437 690 1601 729 adscripsit.
1625 694 1725 718 tantum
1745 687 1897 723 addidisse,

295 754 321 774 v.
350 744 369 774 Θ
402 746 430 774 in
459 744 550 774 Musis
574 744 656 774 aliter
677 745 807 783 scriptum
837 748 945 773 extare:
990 752 1051 772 nam
1088 743 1122 773 de
1145 744 1273 774 lectionis
1297 746 1468 784 potissimum
1488 746 1622 774 varietate
1646 744 1692 781 agi
1714 744 1802 782 ipsum
1828 742 1898 772 illud

294 799 461 837 γράφεται,
495 807 548 837 quo
572 799 730 827 Athenaeus
755 798 854 830 utitur,
880 797 981 826 indicio
1006 802 1065 826 est:
1105 799 1188 835 igitur
1210 799 1236 827 iu
1262 798 1334 828 hunc
1358 799 1466 828 modum
1493 798 1573 828 locus
1597 797 1845 834 redintegrandus:
1867 795 1900 824 ἐν

295 851 328 881 δὲ
358 852 498 885 Μούσαις
529 851 680 890 γράφεται
701 849 766 885 ἀντὶ
796 849 850 880 τοῦ
883 848 939 892 (hic
973 851 1114 880 iterandus
1149 861 1249 881 versus
1286 852 1397 889 κόγχος,
1429 850 1508 891 ἅπερ
1539 849 1723 889 κογχόθηραν
1752 848 1850 879 πᾶσιν
1869 849 1899 883 ὲς

293 905 453 949 τρισοίνια)
479 906 595 942 κόγχος,
628 904 665 934 ἂν
695 905 795 934 τέλλιν
828 905 969 940 καλέομες
1000 904 1061 933 κτλ.
1093 911 1118 934 et
1149 906 1248 935 deinde
1278 906 1312 935 de
1338 907 1390 936 hoc
1415 916 1498 936 versu
1518 906 1643 945 pluribus
1667 906 1787 934 disserit.
1842 904 1899 934 lam

294 970 362 991 vero
394 962 519 999 geminus
543 969 642 989 versus
668 969 701 989 ex
722 958 817 988 Hebae
843 959 965 998 Nuptiis,
998 968 1077 997 quem
1102 959 1245 988 nemodum
1270 960 1451 998 probabiliter
1475 961 1599 993 restituit,
1624 961 1661 988 ita
1685 959 1794 988 videtur
1817 967 1898 988 ema-

295 1015 451 1045 eulandus:

650 1088 780 1124 Κόγχος,
805 1086 883 1126 ἅπερ
909 1087 1099 1126 κογχοθηρᾶν
1123 1090 1269 1118 παισίν
1291 1086 1351 1118 ἔστ’
1374 1089 1548 1127 ozac-5912.

294 1181 319 1210 h.
344 1191 368 1210 e.
391 1181 580 1215 conchae,
615 1181 764 1219 quibus
789 1183 1021 1220 piscatorum
1047 1183 1155 1220 pueri
1180 1181 1316 1210 ludere
1341 1182 1486 1211 solent:
1511 1180 1649 1219 υἷκούρια
1668 1181 1737 1209 enim
1752 1188 1899 1218 puerorum

296 1241 357 1265 sunt
382 1235 499 1269 ludicra,
519 1235 582 1264 vide
607 1244 678 1273 quae
701 1235 735 1264 ad
760 1234 870 1264 Pindari
897 1234 971 1272 Pyth.
999 1234 1046 1264 lx.
1075 1236 1113 1264 19
1138 1236 1275 1265 adnotavi.
1319 1235 1393 1265 Usos
1416 1245 1480 1265 esse
1497 1241 1585 1265 autem
1601 1244 1702 1274 pueros
1721 1234 1763 1262 his
1784 1233 1899 1263 conchis

295 1295 423 1328 tanquam
445 1289 546 1318 bucina
569 1290 628 1327 ipse
647 1288 805 1318 Athenaeus
829 1294 944 1317 testatur
963 1289 1035 1318 infra
1059 1299 1083 1327 p.
1110 1288 1160 1318 85.
1185 1289 1221 1317 F:
1246 1289 1283 1317 τά
1310 1288 1462 1328 παιδάρια
1486 1289 1525 1322 δὲ,
1551 1286 1622 1327 ἡνίκ’
1646 1287 1683 1317 ἂν
1697 1288 1740 1322 εἷς
1753 1290 1787 1318 τὸ
1802 1289 1899 1325 στόμα

296 1343 440 1379 λάβωσιν,
460 1340 563 1371 αὐλεῖν
586 1340 618 1371 ἒν
642 1342 766 1374 ταύταις
791 1344 840 1370 καὶ
860 1341 990 1377 παίζειν,
1005 1343 1148 1380 καθάπερ
1164 1345 1212 1371 καὶ
1228 1347 1298 1381 παρ’
1316 1341 1383 1380 ἡμῖν
1398 1344 1434 1372 τὰ
1448 1344 1641 1382 σπερμολόγα
1652 1342 1712 1372 τῶν
1724 1344 1899 1382 παιδαρίων

301 1401 366 1430 ταῖς
391 1397 589 1433 καλουμέναις
613 1397 763 1428 τελλίναις
784 1396 845 1425 κτλ.
862 1394 890 1437 1)

394 1451 423 1480 ln
448 1450 529 1480 Mus
544 1460 559 1479 a
574 1460 648 1479 rum
673 1450 707 1479 fr.
732 1450 751 1479 S
776 1460 800 1489 p.
826 1451 891 1479 239
915 1450 1049 1488 γόγγρων
1071 1451 1194 1488 παχήων
1219 1461 1273 1480 non
1298 1457 1356 1480 erat
1379 1452 1559 1485 tolerandum,
1586 1454 1707 1481 conieci:

655 1540 730 1570 Οὔτε
754 1540 888 1579 γόγγρων
911 1551 955 1574 τις
975 1552 992 1570 τ
1001 1552 1017 1580 ρ
1028 1552 1039 1571 ι
1047 1553 1070 1570 π
1080 1553 1099 1571 α
1107 1553 1124 1578 χ
1136 1545 1150 1571 έ
1159 1553 1180 1571 ω
1191 1553 1207 1571 ν
1232 1541 1300 1572 οὔτε
1324 1541 1475 1580 μυραινᾶν
1497 1541 1583 1580 ἀπῆς.

296 1632 363 1662 Nam
389 1633 412 1662 si
425 1632 548 1670 γόγγροι
571 1632 681 1661 fuerunt
706 1629 888 1670 ἀνδραχθεῖς
914 1637 939 1661 et
963 1627 1122 1669 ἁμαξιαῖοι
1147 1633 1222 1672 (vide
1235 1633 1330 1663 Athen.
1347 1632 1404 1663 Vll.
1423 1633 1485 1664 288
1502 1634 1547 1673 c.).
1569 1635 1645 1665 licuit
1667 1641 1764 1675 poetae
1779 1645 1902 1674 congros

296 1688 376 1716 trium
390 1687 543 1716 cubitorum
554 1686 696 1715 adhihere.
708 1703 752 1707 —
775 1686 828 1715 Me
840 1688 922 1723 gari
935 1686 950 1714 d
963 1688 993 1715 is
1018 1687 1199 1724 fragmentum
1210 1697 1235 1725 p.
1246 1688 1308 1716 246
1325 1689 1440 1716 maxime
1457 1688 1587 1721 notabile,
1607 1691 1735 1726 quoniam
1748 1691 1899 1727 paeonicos

295 1748 397 1769 versus
411 1739 474 1768 mihi
491 1738 701 1778 deprehendere
714 1739 821 1772 videor,
847 1740 927 1768 cuius
951 1741 1056 1769 numeri
1081 1741 1202 1777 vestigia
1225 1741 1252 1769 in
1268 1739 1422 1779 Epicharmi
1446 1740 1549 1770 sabulis
1571 1741 1637 1771 aiibi
1660 1751 1714 1772 non
1734 1747 1898 1782 supersunt:

642 1813 744 1851 Ὄρυα,
768 1814 912 1853 τυρίδιον,
938 1815 1053 1850 κωλεοί,
1076 1815 1258 1853 σφονδύλοι·

654 1868 715 1898 τῶν
739 1868 770 1897 δὲ
796 1887 839 1891 —
860 1887 903 1890 ——
926 1883 955 1895 υ
978 1887 1022 1892 -
1040 1871 1208 1907 βρωμάτων
1232 1868 1300 1899 οὐδὲ
1322 1869 1362 1900 ἕν.

369 2025 386 2058 ¹)
405 2023 494 2050 Possis
520 2032 583 2049 sane
610 2023 690 2049 etiam
708 2022 786 2049 aliter
802 2022 889 2049 locum
909 2022 1085 2054 conformare5
1104 2031 1164 2049 nam
1183 2022 1345 2049 festivissimi
1363 2025 1456 2057 poetae
1475 2023 1590 2058 leporem
1607 2025 1759 2058 praesertim
1780 2025 1808 2052 in
1827 2028 1902 2053 tanta

292 2068 418 2095 librorum
445 2067 594 2102 corruptela
615 2067 660 2093 vix
682 2066 745 2093 licet
765 2069 837 2093 certa
861 2066 961 2092 ratione
983 2066 1102 2101 assequi,
1131 2067 1202 2093 velut
1222 2061 1287 2101 ἅπερ
1306 2066 1482 2102 κογχοθηρᾶν
1499 2066 1574 2092 παισὶ
1592 2067 1655 2098 τᾶς
1674 2066 1826 2101 ἰσωνίας,
1843 2069 1859 2095 i.
1877 2078 1900 2095 e.

291 2111 410 2145 pssueris
435 2110 525 2137 tanti
545 2113 642 2142 sunt,
670 2110 787 2144 quanti
807 2110 839 2135 in
864 2110 938 2135 foro
961 2110 1169 2140 venduntur,
1192 2110 1238 2135 sed
1256 2110 1305 2135 hoc
1323 2110 1535 2142 frigidiuseulum
1554 2113 1581 2136 et
1599 2111 1756 2143 ambiguum,
1778 2112 1901 2146 quoniam

290 2153 469 2189 κογχοθηρᾶν
488 2151 581 2184 παῖδες
599 2153 679 2179 etiam
699 2152 751 2187 ipsi
769 2152 912 2187 piscatores
933 2151 984 2178 dici
1002 2154 1135 2186 poterant:
1154 2152 1221 2178 hanc
1233 2152 1429 2185 ambiguitatem
1440 2152 1601 2186 evitabimus,
1621 2153 1645 2180 si
1667 2150 1776 2189 οἷκιῦρια
1786 2154 1903 2181 restitui-

288 2206 355 2224 mus.
