2163 2788
1061 86 1105 107 vn

281 175 329 203 usi
359 179 437 208 sunt,
467 179 495 202 ut
522 179 656 203 testantur
685 174 797 204 tabulae
820 174 1040 209 Heracleenses,
1073 174 1123 204 sed
1147 174 1258 213 plebeia
1281 175 1371 204 forma
1391 180 1420 204 ut
1442 177 1541 214 opinor
1562 177 1613 206 suit
1632 176 1751 212 νούμος.
1793 176 1883 205 Siculi

281 236 338 258 non
367 227 449 258 aliter
476 233 558 267 atque
582 227 670 258 Latini
694 229 923 268 pronuntiabant,
947 230 1039 268 itaque
1061 228 1228 259 Boeotorum
1253 238 1330 259 more
1360 229 1396 257 ⁰-v
1419 230 1599 269 scripserunt,
1620 231 1745 270 quamvis
1771 230 1884 269 syllaba

283 287 360 312 esset
382 282 484 316 brevis,
504 282 532 311 id
556 283 629 321 quod
642 282 796 322 Epicharmi
819 292 920 312 versus
944 289 1071 321 arguunt.
1115 283 1177 312 Non
1194 283 1284 312 solum
1302 289 1421 316 veteres,
1445 284 1522 313 velut
1531 284 1631 319 Varro,
1656 284 1763 317 Festus.
1776 284 1883 318 Pollux.

282 336 334 366 sed
357 337 438 366 etiam
449 337 619 366 recentiores
632 337 708 377 velut
718 336 885 371 Boeckhtus,
903 337 1065 371 Ahrensius,
1088 336 1287 370 Mommsenus,
1306 335 1468 366 Hultschius
1479 337 1509 375 ³)
1541 342 1655 367 censent
1679 336 1818 367 Romanos
1832 337 1885 367 boc

283 390 447 420 vocabulum
465 389 607 421 aGraecis
631 391 740 421 colonis
764 392 792 420 in
805 390 905 421 Sicilia
923 396 949 421 et
967 390 1047 421 ltalia
1069 392 1225 431 repetiisse,
1249 391 1295 430 qui
1316 399 1450 429 germano
1474 391 1612 421 vocabulo
1635 390 1730 428 νόμον
1753 391 1887 426 dixerint,

282 444 348 475 mihi
369 455 452 475 secus
476 445 601 481 videtum
619 445 776 475 Italicarum
797 448 917 484 gentium
942 447 1080 485 proprium
1104 446 1155 475 fuit
1174 445 1349 480 vocabulum,
1374 446 1448 484 quod
1472 446 1573 476 deinde
1596 446 1768 476 Graecorum
1792 446 1887 476 coloni

283 504 463 538 receperunt:
497 508 585 537 neque
616 499 714 533 obstat,
754 499 827 538 quod
856 499 962 528 Latinis
989 501 1066 538 prior
1101 499 1213 537 syllaba
1242 504 1284 528 est
1313 499 1413 537 longa.
1437 498 1635 528 Siciliensibus
1664 499 1776 532 brevis;
1825 507 1886 529 narn

282 553 354 583 idern
378 555 457 583 etiam
482 563 532 583 usu
556 555 629 583 venit
651 555 678 583 in
702 554 806 591 λίτρα,
830 554 902 593 quod
927 553 1033 583 Latinis
1056 559 1097 583 est
1121 553 1244 586 libra,
1277 563 1294 583 a
1315 553 1421 583 Siculis
1447 560 1473 583 et
1496 554 1657 593 productum
1682 559 1709 583 et
1732 559 1887 592 correptum

282 616 348 636 esse
369 608 522 637 videbimus
546 608 635 642 iufra,
659 618 821 647 quamquam
844 608 916 637 alias
936 607 1102 637 Sicilienses
1125 607 1297 645 syllabarum
1321 609 1496 645 quantitatem
1521 607 1671 644 diligenter
1693 608 1752 636 tuiti
1776 604 1887 647 sunt,4)

281 660 358 690 velut
381 661 481 691 docent
499 661 630 700 λέπορις,
654 657 740 700 ῥογός
766 663 838 700 (sive
862 657 947 700 ῥόνος
972 658 1077 702 malis),
1099 660 1231 690 πατᾶνα.
1247 660 1277 699 ⁵)

370 715 427 745 Sed
447 716 667 755 quandoquidem
692 726 860 745 nummorum
884 716 1042 745 Siculorum
1068 717 1167 746 mentio
1193 716 1267 745 facta
1291 720 1349 748 est,
1370 715 1466 744 eadem
1490 724 1576 754 opera
1601 717 1681 744 etiam
1707 714 1750 743 Fr.
1774 717 1790 743 1
1817 719 1844 743 et
1868 716 1887 743 2

283 769 452 807 comoediae,
476 766 705 808 quae‘Aqnayat
728 771 860 809 inscripta
883 770 941 803 suit,
967 769 1072 798 mendis
1083 769 1230 799 liberabo:
1254 779 1280 807 p.
1296 770 1359 798 221
1374 770 1477 807 prioris
1490 769 1638 806 fragmenti
1658 777 1758 797 versus
1778 769 1890 797 ultimus

235 838 238 841 Δ
281 823 474 861 imperfectus,
505 823 554 853 sed
587 833 656 853 unus
689 824 760 853 liber
779 823 855 853 addit
874 822 916 851 τῶ
939 833 970 851 τι
992 821 1081 861 λόγῳ,
1102 823 1176 862 quod
1199 823 1248 852 alii
1273 822 1356 851 aliter
1379 823 1524 860 corrigere
1550 822 1723 856 studuerunt,
1744 821 1889 851 Bekkerus

284 881 310 905 et
335 876 487 906 Lorenzius
513 877 594 916 plane
619 882 795 916 spreverunt;
819 886 872 915 ego
897 877 962 906 olim
984 877 1072 905 fuisse
1097 876 1197 906 credo:

637 946 804 983 δεχόμεναι,
829 948 877 975 καὶ
901 946 1004 975 πάντα
1026 946 1206 981 νινιόσκοντι
1231 944 1273 984 τῷ
1296 944 1369 984 *rugi
1385 945 1475 984 λόγῳ.

283 1023 301 1051 i.
323 1031 347 1050 e.
368 1026 403 1050 ut
427 1027 462 1050 tn
486 1022 635 1060 quidem
651 1022 768 1055 dicis,
795 1021 1021 1060 quemadmodum
1033 1022 1150 1051 Rhintho
1170 1022 1236 1050 dixit
1249 1023 1321 1051 τίωε
1344 1024 1361 1051 i.
1371 1032 1394 1051 e.
1417 1020 1484 1056 σοῦ,
1510 1023 1595 1060 potuit
1611 1023 1693 1050 etiam
1707 1020 1889 1059 Epicharmus

282 1075 345 1108 τιός
371 1075 474 1109 dicere,
490 1084 653 1114 quamquam
677 1077 700 1104 si
725 1076 787 1113 quis
811 1075 949 1114 praeferat
972 1074 1037 1114 τεῷ,
1062 1076 1133 1106 haud
1158 1075 1339 1106 adversabor.
1371 1076 1495 1105 Alterum
1514 1081 1603 1104 autem
1625 1074 1670 1104 Fr.
1684 1075 1810 1113 graviter
1826 1083 1889 1103 cor-

283 1135 402 1168 ruptum,
430 1138 481 1158 nec
505 1131 643 1158 successit
665 1130 770 1158 criticis
794 1129 963 1161 emendatio,
991 1139 1050 1158 cum
1074 1139 1128 1159 non
1151 1130 1394 1159 animadverterint
1417 1129 1585 1165 βαλάντιον
1608 1129 1653 1158 hic
1677 1137 1795 1167 prorsus
1808 1137 1889 1166 prae-

282 1188 325 1211 ter
360 1192 462 1212 morem
487 1184 573 1221 prima
605 1182 717 1219 syllaba
738 1187 867 1220 correpta
889 1182 962 1219 legi.
994 1192 1054 1211 cuin
1082 1183 1154 1211 alias
1184 1183 1285 1220 ubique
1310 1183 1446 1221 producta
1470 1185 1506 1212 sit
1528 1183 1573 1212 vel
1593 1184 1674 1211 etiam
1700 1180 1889 1218 βαλλάντιον

283 1236 428 1265 scribatur.
451 1236 595 1266 Bekkerus
613 1235 696 1265 edidit
716 1232 773 1269 ἐνώ
793 1236 850 1273 γὰρ
863 1235 898 1263 τό
920 1245 953 1270 γε
976 1235 1140 1272 βαλάντιον
1157 1236 1246 1273 λίτρα
1271 1238 1321 1264 καὶ
1345 1235 1522 1274 δεκιίλιτρος
1551 1235 1677 1273 πατήρ,
1701 1234 1843 1267 ἑξάντιόν
1856 1244 1889 1264 τε

283 1291 333 1318 καὶ
354 1290 551 1325 πεντώνκιον,
570 1289 694 1328 nihilque
716 1291 826 1319 omnino
851 1289 998 1323 adnotavit,
1025 1296 1052 1319 ut
1074 1291 1101 1319 in
1126 1290 1206 1319 libris
1228 1292 1265 1319 ita
1288 1291 1375 1319 verba
1399 1292 1503 1329 scripta
1522 1300 1587 1320 esse
1612 1290 1766 1324 videantur,
1791 1298 1888 1328 quamv-

282 1353 363 1382 quam
393 1353 426 1373 ex
458 1343 537 1373 codd.
567 1348 702 1372 enotatum
735 1348 777 1371 est
807 1342 1101 1381 λιτροκεὸεκάλιτρος
1134 1344 1246 1381 πατὴρ
1277 1342 1415 1375 ἐξάντιόν
1437 1354 1469 1373 τε
1493 1343 1682 1379 πει-τόμιον.
1733 1343 1793 1381 Ego
1817 1343 1888 1372 haec

283 1398 455 1437 periclitatus
480 1406 554 1427 sum:

639 1481 644 1487 .
669 1481 675 1488 .
698 1481 704 1487 .
723 1456 798 1493 Ἐγώ
822 1457 887 1494 γάρ,
911 1454 967 1485 ὅκα
988 1457 1153 1493 βαλάντιον
1175 1458 1317 1494 λίτρας
1340 1456 1420 1499 ἔχῃ,

635 1510 901 1550 δεκαλίτρους
923 1510 1133 1550 στατῆρας,
1156 1510 1283 1545 ἓξᾶντ’,
1307 1510 1463 1547 «iratast,
1486 1511 1675 1546 πεντόγκιον.

278 1583 393 1621 Ὀγκίαν
423 1595 456 1615 ex
480 1586 643 1625 Epicharmo
672 1587 788 1616 afferunt
820 1587 932 1616 Photius
955 1592 982 1615 et
1012 1586 1171 1616 Eustathius
1202 1588 1333 1626 ponderis
1363 1588 1530 1617 vocabulum
1556 1589 1662 1621 testati,
1683 1597 1773 1625 neque
1796 1593 1888 1617 tamen

282 1641 381 1675 obstat,
404 1642 549 1679 quominus
574 1640 718 1670 credamus
742 1640 810 1669 alibi
833 1640 905 1679 apud
928 1639 999 1669 hunc
1023 1641 1110 1678 ipsum
1134 1646 1241 1679 poetam
1266 1650 1402 1671 nummum
1427 1641 1641 1678 significavisse.
1672 1641 1800 1670 Ceterum
1815 1641 1889 1680 apud

282 1693 472 1733 Epicharmum
498 1699 584 1723 utrum
618 1691 703 1728 ὂνκία
733 1703 767 1722 an
798 1691 921 1728 οὖγκία,
939 1692 944 1696 ’
965 1702 1000 1722 an
1034 1693 1152 1732 denique
1183 1692 1277 1729 ὦγκία
1311 1695 1487 1724 scribendum
1516 1696 1566 1728 sit,
1603 1695 1696 1732 possis
1721 1694 1886 1732 ambigere:

355 1777 376 1811 3)
393 1778 452 1803 'Nisi
468 1778 538 1812 quod
557 1777 713 1804 Hultschius
731 1787 783 1804 non
802 1786 909 1812 prorsus
926 1777 1056 1811 improbat
1071 1777 1180 1803 formam
1201 1778 1332 1812 νοῦμμος,
1350 1778 1501 1805 Boeckhius
1513 1774 1638 1811 νούμμος
1655 1778 1770 1804 scribere
1780 1778 1887 1804 mavult.

355 1830 376 1861 ⁴)
393 1829 514 1854 Ceterum
538 1829 690 1855 Latinorum
715 1838 814 1860 sermo,
832 1829 878 1863 qui
904 1829 999 1853 multas
1024 1829 1107 1854 subiit
1128 1829 1340 1860 vicissitudines,
1361 1838 1391 1855 ac
1419 1830 1580 1863 syllabarum
1603 1838 1708 1863 quoque
1737 1838 1889 1855 mensuram

283 1871 387 1905 saepius
404 1871 557 1903 immutavit,
577 1872 688 1898 fortasse
702 1871 764 1897 olim
781 1871 861 1897 etiam
878 1872 943 1897 haec
962 1871 1086 1897 vocabula
1102 1880 1220 1897 numus
1239 1875 1266 1897 et
1283 1871 1376 1897 libra
1396 1875 1515 1906 correpta
1533 1872 1617 1898 vocali
1638 1872 1782 1905 usurpavit.

356 1922 377 1956 ⁵)
393 1915 548 1954 Vocabulis,
577 1931 644 1957 quae
665 1922 817 1949 Sicilienses
836 1922 868 1949 ab
896 1921 1028 1955 indigenis
1044 1922 1204 1954 asciverunt,
1233 1922 1345 1949 fortasse
1368 1923 1518 1949 addendum
1533 1926 1575 1949 est
1594 1924 1762 1950 obscuratum
1782 1932 1887 1955 nomen,

284 1966 355 1999 quod
370 1965 501 1991 delitescit
518 1965 547 1990 in
563 1965 666 1998 Diphili
681 1965 800 1991 versibus
819 1962 846 1990 ἓν
862 1963 995 2000 Σικελικῷ,
1015 1973 1081 1999 quos
1097 1965 1193 1991 Pollux
1212 1966 1264 1991 IX.
1284 1964 1316 1992 81
1337 1966 1431 1992 affert:

637 2004 693 2034 οἷον
710 2005 848 2043 ἀγοράζειν
862 2005 950 2034 πάντα
966 2006 1035 2043 μηδὲ
1050 2004 1080 2034 (ἓν
1097 2005 1122 2034 δ’
1137 2005 1212 2042 ἔχειν,

636 2050 658 2077 εἳ
672 2050 711 2086 μὴ
724 2049 853 2082 κικίννους
870 2048 964 2083 ι’ξίους
981 2050 1085 2087 λίτραιν
1103 2050 1186 2078 δυοῖν.

284 2098 351 2127 Quis
368 2106 428 2124 vero
448 2106 564 2132 unquam
582 2097 666 2123 crines
683 2097 712 2122 in
730 2097 786 2123 foro
803 2096 909 2123 venales
926 2097 972 2123 illo
983 2097 1086 2123 saeculo
1097 2097 1180 2123 fuisse
1195 2098 1310 2124 audivit:
1330 2099 1407 2124 credo
1419 2099 1602 2131 corrigendum
1612 2108 1671 2125 esse
1688 2098 1887 2134 κικίρρους,

282 2142 321 2168 ita
338 2141 420 2168 Siculi
444 2141 527 2174 gallos
550 2141 707 2173 gallinaceos
728 2140 850 2166 videntur
873 2140 1041 2166 voeitavisse:
1067 2141 1099 2166 cf.
1122 2141 1243 2174 Hesych:
1269 2139 1398 2175 κίκιρρος·
1425 2138 1585 2175 ἀλεκτρυών,
1610 2142 1679 2176 quod
1703 2151 1757 2168 non
1779 2145 1853 2168 recte
1872 2151 1889 2168 a

284 2194 377 2218 graeco
395 2185 520 2212 vocabulo
538 2181 630 2220 κιρρός
648 2186 779 2218 repetunt,
800 2193 860 2210 nam
878 2186 987 2218 apparet
1004 2186 1111 2218 propter
1128 2193 1217 2210 vocem
1236 2184 1305 2217 gallo
1321 2185 1371 2211 hoe
1389 2193 1484 2211 nomen
1501 2185 1616 2211 inditum
1635 2194 1707 2217 esse,
1727 2188 1806 2220 atque
1826 2186 1889 2212 hine

282 2228 426 2255 Horatiano
445 2227 541 2255 Messio
561 2227 624 2255 (Sat.
642 2228 662 2253 1.
679 2227 703 2253 5.
722 2226 768 2261 52)
787 2227 881 2253 Cicirri
897 2229 1096 2260 cognomentum
1115 2227 1245 2253 adhaesit.

1907 0 2163 139 Ἴ
