2163 2788
1071 93 1100 121 γι

277 181 403 211 inlibris
427 186 471 211 est
493 190 520 211 v.
534 182 553 211 2
579 183 629 211 καὶ
649 177 823 219 §naumann
845 182 950 219 σοφός,
972 183 1018 211 ubi
1042 179 1176 211 ὖπαυλεῒ
1188 182 1354 211 delitescere
1366 183 1419 210 iam
1434 181 1719 220 Schweighaeuserus
1732 183 1807 218 vidit,
1831 184 1886 213 sed

277 235 388 275 reliqua
410 245 466 266 non
489 241 566 266 recte
586 238 759 276 procuravit,
790 244 865 274 σφιν
888 236 984 274 σοφὸς
1005 235 1038 265 ἐν
1062 236 1179 274 κιθάρᾳ
1205 235 1371 265 scribendo:
1390 244 1452 265 uam
1476 245 1567 275 neque
1584 243 1660 274 σφιν
1674 246 1729 276 quo
1746 237 1888 268 reseratur

278 294 337 323 est,
368 298 459 328 neque
495 289 595 319 fidicen
638 292 706 320 artis
741 299 809 320 suae
840 292 944 329 peritus
975 291 1050 319 tibiis
1070 299 1173 319 cane-re
1198 289 1327 318 solebat:
1361 298 1451 327 neque
1475 295 1564 319 tamen
1589 290 1749 320 Groteiendi
1771 293 1884 321 coniec-

277 347 341 372 tura
374 338 489 379 ὖπᾴδει
523 344 706 382 probabilior.
754 343 911 373 Athenaeus
935 353 995 373 cum
1016 342 1225 381 παριαμβίδας
1252 344 1385 371 musicum
1410 352 1536 381 organon
1558 343 1647 373 fuisse
1672 343 1753 378 dicit,
1777 353 1794 373 a
1815 354 1885 375 vero

277 396 407 433 aberrat,
434 406 561 437 organon
588 399 676 438 ipsum
706 399 880 437 παρίαμβος
907 398 1023 433 dictum,
1057 397 1113 427 vid.
1145 397 1243 427 Pollux
1278 395 1314 425 lV
1340 397 1407 430 59.;
1459 396 1662 435 παριαμβίδες
1708 397 1780 427 idem
1812 399 1885 428 iuter

277 451 388 487 νόμους
412 453 515 485 refert,
545 452 646 490 quibus
670 453 758 489 ψιλοὶ
781 454 963 489 κιθαρισταί
986 454 1029 481 usi
1052 458 1130 484 sunt.
1160 451 1204 484 lv,
1231 452 1287 480 66:
1311 451 1344 479 τό
1361 454 1464 487 μέντοι
1486 450 1547 480 τῶν
1569 450 1672 490 ψιλῶν
1692 451 1887 489 κιθαριστῶν

277 503 419 543 ὄργανον,
449 503 466 534 ὃ
497 506 547 533 καὶ
576 505 719 534 Πυθικὸν
749 504 945 542 ὀνομάζεται,
976 504 1157 533 δακτυλικόν
1185 513 1264 536 τινες
1288 504 1467 541 κεκλήκασιν
1487 514 1493 520 ·
1517 504 1604 540 νόμοι
1628 504 1652 532 δ’
1676 503 1777 533 αὐτῶν
1801 506 1884 541 Διός,

269 558 418 597 Ἀθηνᾶς,
438 559 627 592 ’Λπόλλωνος
647 570 652 576 ·
677 560 790 597 ἴαμβοι,
814 560 958 597 ἲαμβίδες,
972 559 1184 598 παριαμβίδες.
1212 559 1311 589 Paullo
1326 559 1435 598 planius
1446 559 1615 597 Hesychius,
1629 565 1724 589 testem
1747 560 1882 590 adhibens

278 614 488 653 Apollodorum,
512 615 558 652 qui
582 615 609 642 in
633 613 706 643 libro
727 614 761 643 de
778 613 941 652 Epicharmo
970 614 1040 642 hunc
1065 615 1151 652 ipsum
1177 619 1275 651 poetae
1299 614 1397 641 comici
1412 613 1503 641 locum
1520 613 1720 647 illustraverat,
1745 624 1882 651 naemu—

277 667 360 704 βίδες
390 668 475 705 παρὰ
507 668 576 700 τοὺς
601 667 726 704 ἰάμβους
757 665 849 700 αὐτάς
883 667 958 706 (cod.
980 665 1071 709 αὐτὰ)
1095 674 1170 704 φησι
1194 664 1406 703 πεποιῆσθαι,
1428 664 1461 698 ἃς
1485 665 1515 695 οἱ
1540 666 1710 704 κιθαρῳδοὶ
1743 665 1879 703 ᾄδουσιν,

278 730 442 760 quamquam
473 731 527 751 non
558 727 633 751 recte
656 722 819 761 Apollodori
844 721 1052 760 explicationem
1079 722 1219 750 breviator
1241 722 1434 759 interpretatus
1466 726 1522 754 est,
1551 720 1685 757 siquidem
1710 721 1880 751 citharoedis

276 775 378 808 tribuit,
402 784 473 813 quae
497 775 698 804 citharistarum
721 776 848 808 suerunt;
873 774 944 803 adde
969 773 1153 812 Hesychium:
1178 774 1377 810 ἳαμβαυλεῑν·
1408 774 1442 802 τὸ
1468 773 1505 802 δι’
1539 772 1634 802 αὐλοῦ
1663 775 1883 812 παριαμβίζειν

275 828 307 857 ἐν
338 827 374 869 τῇ
410 828 527 866 κιθάρᾳ
558 830 606 856 καὶ
643 826 711 868 ᾠδῇ.
765 828 820 857 Sed
852 828 964 857 Photius
1007 837 1116 866 quoque
1159 829 1233 858 salso
1283 830 1353 857 inter
1390 828 1499 864 νόμους
1537 828 1762 867 κιθαρῳδικούς
1795 830 1881 859 refert

276 893 300 922 p.
326 883 398 912 395.
425 883 482 911 20:
512 883 690 918 Παρίαμβοι
721 883 770 910 καὶ
794 880 996 919 παριαμβίδες
1026 882 1076 909 καὶ
1107 880 1212 918 ἴαμβοι
1236 892 1241 897 ·
1267 881 1468 920 κιθαρῳδικοὶ
1502 882 1605 919 νόμοι,
1630 883 1660 910 οἳ
1683 883 1879 921 προςηύλουν,

276 937 322 966 ubi
346 936 493 974 legendum
519 934 579 968 οἷς
610 933 700 977 (καὶ)
730 936 928 974 προςηύλουν,
952 941 977 965 et
1001 935 1054 965 hoc
1079 936 1187 974 quidem
1227 936 1437 966 additamentum
1468 938 1591 976 inprimis
1625 937 1697 967 hunc
1724 937 1880 977 Epicharmi

275 992 366 1021 locum
403 991 539 1024 illustrat,
573 991 618 1020 ubi
640 992 662 1020 si
699 1000 792 1020 verum
816 996 963 1020 assecutus
988 1000 1056 1023 sum,
1080 990 1183 1020 tibicen
1217 1000 1270 1020 una
1305 1000 1365 1020 cum
1389 991 1531 1020 citharista
1555 993 1690 1021 canticum
1723 992 1880 1022 modulatur

275 1041 418 1084 (ὑπαυλεῖ
448 1045 566 1083 κιθάρᾳ
596 1044 831 1083 παριαμβίδας),
864 1044 942 1074 nullo
973 1044 1081 1083 quidem
1113 1046 1234 1074 carmine
1268 1045 1394 1075 subiecto
1419 1043 1533 1086 (ψιλοί).
1558 1062 1602 1066 -
1632 1045 1882 1077 Philoctetae

273 1100 436 1137 fragmentis
462 1105 568 1139 poterat
592 1101 679 1129 inseri
704 1109 812 1133 versus,
837 1108 916 1138 quem
941 1098 1093 1128 Lorenzius
1117 1108 1141 1137 p.
1163 1099 1235 1128 296.
1261 1098 1280 1128 8
1305 1092 1430 1129 exhibet:

630 1182 697 1212 Οὕτ·
724 1182 755 1211 ἐν
779 1183 861 1221 κάδοι)
882 1182 1025 1220 δηλοίμην
1049 1181 1110 1210 οὔτ’
1132 1182 1164 1210 ἐν
1189 1181 1328 1221 ἂμφορεῒ.

276 1268 321 1297 ubi
347 1268 412 1297 olim
429 1270 536 1298 conieci
555 1269 681 1298 παλοῖ
704 1279 780 1304 νιν,
808 1268 1034 1307 quemadmodum
1059 1270 1128 1297 onim
1153 1268 1247 1306 πηλὸς
1278 1270 1369 1297 vinum
1393 1268 1576 1298 adulterinum
1602 1270 1716 1303 dicitur,
1741 1271 1778 1298 ita
1799 1271 1880 1299 etiam

275 1319 393 1358 πηλοῦν
423 1322 458 1350 ad
488 1323 576 1351 malas
602 1324 653 1352 has
671 1328 745 1352 artes
774 1322 919 1351 transferri
943 1322 1036 1353 licuit3
1066 1323 1119 1350 nisi
1144 1323 1215 1351 sorte
1242 1323 1310 1351 suit:
1336 1320 1397 1350 οὔτ’
1421 1321 1453 1350 ἐν
1477 1321 1559 1360 κοίδῳ
1584 1322 1674 1355 Keil*
1699 1319 1795 1359 ὗμιν
1818 1323 1883 1352 οὔτ’

275 1373 309 1404 ἒν
320 1373 459 1414 ἀμφορεῖ.
482 1393 527 1398 --
546 1376 766 1416 lnSphingis
791 1375 836 1405 Fr.
861 1378 889 1405 1.
905 1386 930 1414 p.
944 1376 1006 1404 252
1032 1377 1148 1404 vitiosus
1171 1381 1338 1415 anapaestus
1367 1385 1422 1405 non
1441 1381 1500 1405 erat
1522 1376 1699 1410 tolerandus,
1735 1378 1878 1416 corrigas:

635 1429 700 1459 ἀλλ’
735 1428 787 1466 οὐχ
823 1426 918 1466 ὁμοῖα
953 1427 1067 1457 ταῦτ’
1103 1429 1227 1466 ἐρινεοὶς
1254 1427 1401 1466 σι’δαμῶς.

366 1484 534 1514 Ollarum
559 1494 657 1515 versus
681 1494 705 1523 p,
732 1484 804 1517 254,
828 1493 943 1523 quorum
969 1485 1045 1523 prior
1064 1485 1164 1513 vitioso
1189 1483 1313 1523 spondeo
1336 1483 1453 1518 laborat,
1471 1485 1508 1512 ita
1534 1483 1660 1513 videntur
1681 1485 1856 1515 restituendi:

630 1556 707 1588 Ἀλλ’
734 1557 812 1596 ὅμως
836 1559 927 1587 καλαί
946 1569 992 1594 γα
1015 1561 1084 1587 πῖοί
1105 1560 1129 1587 τ’
1154 1558 1241 1597 ἄρνες
1261 1556 1440 1597 εὔρησοῦντί
1462 1569 1515 1596 μοι

634 1612 706 1642 δέκα
729 1612 857 1648 νούμους
882 1611 1016 1641 πωλάν
1040 1622 1046 1628 ·
1071 1611 1190 1645 καλᾶς
1215 1612 1272 1650 γάρ
1287 1611 1351 1641 {vu
1373 1611 1427 1645 τᾶς
1452 1612 1572 1650 ματρός.

273 1697 423 1735 legebatur
446 1697 536 1726 καλαὶ
562 1699 611 1726 καὶ
635 1701 702 1726 πῖοι
720 1696 809 1734 ἄρνες
834 1719 841 1725 .
866 1719 873 1726 .
899 1718 906 1724 .
929 1697 1078 1733 νούμμους
1102 1695 1258 1728 πωλατιᾶς
1281 1697 1347 1734 γάρ.
1394 1696 1611 1735 Expectaveram
1634 1702 1779 1736 praeterea
1801 1700 1885 1733 πῖαι,

273 1751 323 1780 sed
356 1760 417 1781 cum
449 1753 560 1781 omnino
593 1752 722 1781 solitaria
751 1751 821 1780 haec
855 1750 983 1780 adiectivi
1016 1752 1051 1780 sit
1082 1751 1190 1785 forma,
1225 1750 1291 1779 nihil
1324 1751 1431 1780 novavi.
1478 1749 1510 1779 V.
1536 1750 1692 1785 2πωλοίν,
1723 1760 1778 1789 qua
1809 1761 1879 1781 voce

273 1806 354 1833 etiarn
369 1805 499 1844 Sophron
512 1814 580 1834 usus
604 1811 647 1834 est
666 1804 734 1840 (vid.
749 1805 993 1843 Phot.479,13.),
1016 1805 1083 1834 dixit
1104 1804 1201 1841 τιμήν,
1228 1804 1454 1842 quemadmodum
1479 1801 1537 1841 ὠνὴ
1562 1806 1664 1843 passim
1690 1805 1798 1839 dicitur,
1822 1807 1877 1835 nisi

271 1855 363 1894 πωλᾷ
386 1858 477 1887 malis.
514 1858 641 1887 Ceterum
665 1867 681 1887 a
706 1858 840 1887 librorum
861 1859 997 1896 scriptura
1021 1860 1134 1897 propius
1158 1858 1271 1886 abesset
1290 1857 1397 1885 πωλεῖν
1422 1859 1545 1890 Ἀπίας
1569 1857 1635 1896 γάρ,
1653 1858 1702 1887 sed
1725 1863 1878 1897 correptam

272 1922 337 1942 esse
367 1914 488 1952 priorem
515 1912 654 1950 syllabam
676 1921 771 1951 parum
800 1911 959 1945 verisimile,
984 1914 1076 1951 itaque
1100 1910 1193 1943 καλᾶς
1218 1912 1343 1941 scribere
1358 1911 1450 1941 malui.
1499 1911 1602 1942 lbidem
1619 1912 1747 1949 νοῦμους
1775 1913 1877 1952 scripsi

271 1972 296 1995 et
323 1967 421 1995 eodem
446 1966 528 1996 modo
554 1967 581 1995 in
605 1968 730 2005 proximo
754 1965 799 1994 Fr.
820 1965 984 2002 legendum:

1237 2038 1341 2078 Κᾶρυξ
1362 2040 1417 2069 loir

637 2094 732 2128 εὐθὺς
755 2098 837 2134 πρίω
856 2106 909 2132 μοι
932 2095 1005 2124 δέκα
1028 2094 1146 2131 νούμων
1168 2095 1281 2131 μόσχον
1304 2095 1409 2125 καλώ).

267 2180 330 2200 nam
352 2170 514 2208 νούμμων,
535 2171 608 2210 quod
633 2171 742 2210 quidem
767 2176 920 2211 pervagata
944 2170 1022 2200 latini
1046 2171 1165 2200 nominis
1190 2172 1326 2210 scriptura
1349 2179 1516 2200 nummus
1543 2175 1641 2206 tuetur,
1674 2171 1756 2210 plane
1771 2172 1878 2201 adver—

267 2231 345 2255 satur
378 2227 485 2255 numeri
512 2226 584 2262 legi,
614 2235 705 2264 neque
728 2231 819 2255 tamen
842 2224 939 2261 νόμων
961 2234 1022 2255 cum
1045 2225 1182 2255 Abrensio
1207 2225 1397 2260 scribendum,
1419 2225 1470 2254 etsi
1495 2224 1584 2254 Siculi
1610 2226 1689 2256 etiam
1713 2225 1765 2255 hac
1788 2226 1878 2256 forma
