2163 2788
657 399 728 436 VN
729 399 893 435 IVERSI
898 398 1041 435 TATIS
1066 396 1472 434 FRIDERICIANAE

969 466 1170 503 REOTOR

460 537 1043 593 HERMANNVS
1100 498 1674 591 KNOBLAVCH

905 626 1011 662 CVM
1028 625 1231 662 SENATV

1031 695 1052 718 S.
1071 695 1097 717 D.

929 755 1082 784 CIVIBVS
1102 755 1192 783 SVIS.

356 836 697 896 EpiphErmLJeli-qujssff-s,
711 863 771 884 cum
795 862 881 894 nuper
903 853 1051 883 emendare
1075 853 1245 887 instituerim,
1270 854 1323 882 iam
1347 854 1460 882 omissis
1485 853 1520 882 iis
1546 852 1632 886 iocis,
1665 853 1711 891 qui
1735 853 1869 891 graviora

268 910 337 938 vitia
362 896 567 943 contraxerunt,
592 908 698 937 leviora
721 907 854 945 quaedam
875 915 955 944 quam
977 912 1073 944 potero
1097 907 1261 935 brevissime
1284 908 1477 944 perstringam.

359 961 387 990 in
411 961 501 999 amplo
524 961 678 998 fragmento
704 969 738 989 ex
761 959 885 988 Hebae
909 960 1054 997 nuptiis
1079 958 1231 988 Lorenzius
1254 968 1278 997 p.
1306 960 1369 988 230
1393 968 1418 988 v.
1441 960 1473 987 4:

619 1034 658 1063 τὰ
681 1033 792 1063 διελεῖν
816 1035 869 1070 μέν
893 1032 957 1061 ἐστι
978 1032 1111 1068 χαλεποί,
1136 1036 1323 1070 καταφαγεῖν
1347 1032 1371 1061 δ’
1396 1033 1540 1071 eundem,

267 1120 323 1141 non
362 1110 479 1140 debebat
511 1110 660 1140 secundum
689 1109 852 1139 Ahrensium
889 1107 1021 1146 ἐῦμοίρεα
1057 1109 1189 1143 scribere,
1222 1109 1271 1138 sed
1295 1109 1489 1147 corrigendum
1520 1107 1811 1147 καταφαγῆμεν
1841 1107 1868 1137 δ’

264 1162 418 1203 εὐμαρέα,
449 1168 530 1203 atque
562 1152 645 1194 video
673 1172 744 1193 nune
767 1162 794 1192 id
825 1163 912 1202 ipsum
935 1172 952 1192 a
974 1162 1115 1193 Meinekio
1140 1168 1311 1203 occupatum.
1356 1162 1386 1192 ln
1409 1163 1533 1193 eiusdem
1561 1164 1723 1194 comoediae
1744 1163 1865 1193 frustula

265 1229 291 1259 p.
317 1221 397 1249 231:

624 1293 767 1329 Καρκίνοι
792 1290 822 1319 θ’
845 1289 935 1320 ἵκοντ’
958 1291 1049 1328 ὲχῖνοί
1073 1291 1112 1326 θ’,
1137 1290 1169 1321 οἳ
1191 1290 1260 1320 καθ’
1287 1288 1425 1331 ἁλμυρὰν
1445 1289 1506 1321 ἅλα

622 1348 683 1375 νεῖν
705 1346 759 1383 μὲν
783 1345 835 1375 οὐκ
859 1345 975 1381 ἴσαντι,
998 1344 1074 1383 πεζᾷ
1098 1343 1122 1374 δ’
1146 1346 1367 1384 ἐμπορεύονται
1390 1346 1487 1383 μόνοι.

265 1432 335 1453 sane
369 1423 547 1453 novissimum
579 1421 744 1452 vocabulum
773 1422 904 1460 ineptum,
945 1421 995 1451 sed
1029 1430 1121 1451 verum
1147 1430 1202 1451 non
1232 1427 1274 1451 est
1307 1427 1454 1451 assecutus
1478 1422 1651 1456 Ahrensius,
1689 1424 1737 1460 qui
1769 1422 1864 1458 μόνον

265 1478 393 1515 scripsit·⁷
416 1481 531 1515 poetam,
554 1477 600 1514 qui
624 1485 785 1505 cancrorum
808 1475 914 1504 tardum
938 1476 1076 1504 incessum
1097 1476 1285 1514 descripturus
1310 1481 1360 1509 est,
1382 1475 1497 1512 μόγις
1520 1476 1607 1505 decet.
1621 1496 1663 1500 —
1689 1476 1719 1506 ln
1738 1477 1864 1506 eiusdem

265 1530 379 1561 fabulae
403 1539 485 1559 versu
510 1530 551 1559 10
570 1539 595 1568 p.
616 1529 678 1558 233
713 1528 867 1557 Ahrensius
890 1533 1002 1557 metrum
1023 1529 1210 1567 imperfectum
1229 1529 1382 1568 supplevit:

619 1604 702 1637 Ιηύες
727 1602 789 1645 (ἔτ’)
815 1603 969 1641 ἀλφησταί
987 1614 1019 1633 τε
1044 1606 1200 1642 κορακῖνοί
1224 1614 1256 1634 τε
1283 1604 1469 1641 κοριοειδέες.

263 1682 314 1712 sed
336 1681 515 1711 verisimilius
529 1680 657 1710 Meineke
680 1679 750 1716 μύες
773 1676 835 1716 ἅμ’
861 1681 978 1719 scripsit,
999 1682 1052 1710 nisi
1074 1680 1146 1710 forte
1169 1678 1262 1717 μῦες
1287 1685 1328 1710 est
1353 1680 1537 1715 scribendum,
1562 1686 1589 1710 ut
1610 1680 1751 1711 Hesiodus
1774 1680 1864 1720 δρυὸς

264 1738 358 1775 priore
377 1735 509 1774 producta
542 1734 653 1767 extulit.
689 1740 715 1763 et
734 1733 882 1770 μυοδάκος
906 1740 948 1763 est
971 1735 1042 1773 apud
1064 1734 1231 1764 Nicandrum
1256 1734 1341 1764 Ther.
1361 1735 1442 1764 795:
1465 1744 1527 1764 nam
1553 1735 1626 1773 quod
1646 1735 1864 1767 Choeroboscus

263 1790 330 1819 dicit
355 1798 380 1829 p.
407 1788 469 1818 115
503 1788 531 1816 in
555 1787 864 1825 Batrachomyomachia
886 1789 975 1824 μυσὶν
1007 1793 1033 1817 et
1066 1793 1221 1826 correptum
1245 1793 1271 1817 et
1294 1787 1455 1827 productum
1479 1788 1547 1826 legi,
1570 1797 1642 1818 nunc
1665 1789 1776 1827 quidem
1800 1799 1865 1829 pro-

263 1843 402 1873 ductionis
425 1842 529 1871 nullum
553 1846 626 1871 extat
648 1842 817 1880 exemplum,
842 1842 891 1871 sed
916 1851 942 1872 v.
967 1843 1027 1872 173
1053 1847 1079 1871 et
1106 1842 1166 1872 174
1191 1847 1346 1881 correptum
1371 1842 1481 1880 legitur.
1527 1842 1584 1872 Sed
1606 1842 1690 1872 valde
1712 1844 1777 1873 mihi
1801 1854 1865 1874 sus-

264 1901 371 1937 pectum
384 1894 567 1933 κοριοειδέες,
591 1894 663 1934 quod
686 1895 926 1932 nigricantes
952 1896 1170 1934 interpretantur.
1191 1901 1220 1924 ut
1237 1895 1272 1924 ab
1294 1896 1398 1924 oculi
1421 1896 1561 1934 pupula
1583 1896 1657 1934 κόρη
1679 1898 1759 1933 vocis
1781 1899 1863 1935 origo

264 1953 301 1981 sit
315 1950 471 1990 repetenda,
495 1949 567 1989 quod
592 1958 708 1989 prorsus
733 1949 912 1979 incredibile:
935 1958 1003 1979 sane
1027 1949 1168 1989 Oppianus
1192 1949 1253 1979 Hal.
1268 1949 1288 1978 Ι.
1304 1951 1365 1979 133
1390 1950 1471 1980 huius
1495 1952 1582 1990 piscis
1601 1953 1711 1989 nigrum
1740 1951 1865 1982 colorem

262 2005 423 2033 testificatur
446 2006 600 2047 κορακῖνον
623 2003 781 2039 ὲποίνυμον
803 2002 916 2031 αἴθοπι
939 2002 1033 2044 χροιῇ,
1058 2004 1257 2042 Aristophanes
1282 2006 1372 2042 pinnis
1394 2010 1470 2034 certe
1499 2007 1588 2042 nigris
1613 2007 1776 2035 instructum
1798 2015 1864 2036 esse

263 2058 375 2092 indicat,
392 2057 663 2095 μελανοπτερύγων
672 2058 849 2096 κορακίνων,
861 2066 955 2086 verum
969 2057 1125 2087 Athenaeus
1136 2056 1195 2092 Vll,
1205 2057 1279 2087 309.
1292 2058 1315 2087 Α
1326 2067 1381 2087 non
1392 2066 1410 2087 a
1423 2059 1500 2088 corvi
1513 2058 1619 2094 colore,
1626 2059 1683 2088 >sed
1695 2068 1713 2089 a
1725 2059 1865 2099 frequenti

264 2112 408 2142 oculorum
433 2110 556 2151 (κορῶν)
592 2116 665 2142 motu
689 2120 786 2141 nomen
809 2112 954 2150 accepisse
976 2110 1122 2141 contendit.
1162 2110 1223 2147 ‚iam
1244 2111 1317 2150 hpud
1342 2111 1438 2142 Athen.
1464 2110 1513 2141 lx.
1540 2112 1605 2142 308
1629 2112 1660 2142 E.
1684 2122 1781 2143 omnes
1799 2113 1865 2143 libri

263 2166 393 2196 exhibent
417 2165 599 2204 κοροειδέες,
624 2166 688 2195 304
712 2164 733 2193 Ε
755 2164 966 2204 κορακοειδέες,
991 2165 1064 2199 282,
1092 2165 1305 2204 Ακοριοειδέες
1330 2166 1382 2200 ΑΡ,
1407 2165 1585 2204 κηριοειὸέες
1598 2166 1676 2196 PVL.
1710 2167 1812 2198 Nescio
1829 2177 1866 2198 an

1686 2221 1704 2253 †
