2163 2788
818 16 821 18 .
833 5 835 7 ’
854 0 872 107 ξ
887 38 889 40 ¹
945 13 948 23 ἶ
1206 14 1211 21 1
1257 13 1281 20 ..μ
1294 0 1462 107 ἷῲΓ“ἕ-““
1491 0 1521 5 “““
1556 0 1586 44 ’ΧΑ
1631 12 1636 18 ,v
1665 0 1748 18 '³³55'
1760 6 1782 17 ⁴³¹«

365 205 410 235 F.r
436 205 478 235 56
500 214 526 244 p.
548 205 612 235 275
637 214 692 235 non
716 205 835 235 debebat
855 205 1011 236 Lorenzins
1023 206 1123 235 Naekii
1148 206 1335 235 coniecturam
1348 205 1483 243 recipere
1496 212 1568 242 qnae
1581 204 1646 233 mihi
1659 204 1768 243 quidem
1780 213 1877 244 parn-

275 258 421 291 commoda
445 258 571 294 videtur3
597 259 699 288 tentavi
722 258 808 289 haec·

1003 129 1014 138 „
1065 108 1097 130 xx

634 334 730 363 οἱοναῐ
751 334 847 371 μύκαι
869 336 946 374 γὰρ
970 334 1215 372 ἒξεστληκότ·
1237 332 1544 377 ἀποπνιξεῖσθέ
1562 343 1616 370 με.

274 410 394 441 Versum
411 409 461 457 rr.
487 411 527 441 72
551 420 577 451 p.
603 410 668 441 28⁰
692 420 762 441 nnus
785 410 938 442 Ahreusius
968 411 1100 442 laborare
1125 411 1232 446 sensit,
1256 409 1306 439 sed
1330 418 1385 439 non
1409 408 1517 449 placet.
1541 407 1616 447 quod
1641 409 1799 448 proposuit;
1824 417 1880 447 ego

275 464 432 495 dubitanter
458 465 724 495 commendaverim:

634 540 708 579 (καὶ)
737 540 891 578 φασήλους
917 539 1000 579 φῶγε
1027 539 1159 575 θᾶσσον,
1183 539 1239 576 air
1265 536 1281 568 ὁ
1303 539 1449 571 Διόνυσος
1475 538 1587 580 φλέη.

274 624 329 645 non
350 613 431 656 φιλῇ,
461 621 489 645 ut
519 621 561 645 est
585 617 612 645 in
633 616 729 645 libris:
756 616 808 645 hoc
832 621 889 649 est,
914 618 943 645 si
967 618 1091 645 vinum
1114 615 1285 649 abundet,
1309 621 1355 645 aut
1389 615 1462 653 quod
1488 614 1589 647 malim,
1615 615 1646 643 si
1670 612 1764 649 vitiis
1788 621 1879 650 gem-

273 674 422 699 mascat
447 671 533 699 sive
555 669 610 699 slo
625 675 775 699 rescat:
799 670 835 699 cf.
858 669 927 699 Plut.
949 669 1061 705 Quaest.
1085 669 1178 709 Symp.
1202 669 1233 698 V.
1257 669 1286 697 S.
1312 663 1340 702 3ss
1365 678 1528 707 quamquam
1553 668 1609 696 late
1630 672 1703 706 patet
1728 665 1807 695 verbi
1827 666 1881 700 vis,

274 722 337 752 hinc
360 722 515 761 Hesychius
536 723 622 760 φλεῐ,
642 724 733 760 νέμει,
758 723 957 760 πολυκαρπεῖ,
988 721 1143 761 εὗκαρπεῖ.
1198 723 1325 752 Ceterum
1357 723 1488 752 conseras
1520 721 1659 761 Aristoph.
1684 721 1749 749 Pac.
1778 719 1878 749 1143:

272 774 393 813 ἐμπιεῖν
420 774 516 814 ἔμοιγ’
537 775 657 816 ἀρέσκει
680 775 735 806 τοῦ
758 776 837 807 θεοῦ
859 776 989 814 δρῶντος
1008 776 1105 810 καλῶς
1121 787 1127 792 ·
1160 774 1224 805 ἀλλ’
1244 775 1342 814 ἄφευε
1365 775 1426 805 τῶν
1458 775 1605 814 φασήλων
1626 772 1649 804 ὦ
1680 774 1770 810 γύναι
1801 776 1879 812 τρεῖς

270 833 403 866 χοίνικας
430 853 436 859 .
461 853 468 860 .
496 853 502 860 .
533 830 568 860 οὖ
604 832 661 868 γὰρ
693 829 758 859 οἷόν
790 836 815 860 τ’
847 831 909 860 ἐστὶ
938 832 1059 863 πάντως
1091 831 1253 868 οἰναρίζειν
1282 831 1429 869 τήμερον,
1465 829 1534 859 οὐδὲ
1555 829 1744 863 τυντλάζειν,
1774 828 1879 865 ἐπειδὴ

272 884 432 923 παρδακὸν
455 885 489 914 τὰ
512 886 630 923 χωρίον.
654 903 697 907 —
721 885 764 915 Fr.
787 886 828 915 90
846 895 870 925 p.
895 885 958 915 284
982 887 1125 923 corrigas:

627 976 742 1014 Μάρων
761 977 829 1005 νέον
851 976 885 1004 το“
910 978 1008 1013 φῖτυ.

272 1052 346 1089 quod
370 1061 441 1081 nunc
464 1052 566 1089 legitur
589 1052 714 1088 φυτὸν
737 1054 1002 1090 interpretamentum
1026 1058 1084 1085 est;
1108 1053 1142 1081 ci.
1159 1052 1271 1081 Photius
1285 1053 1358 1082 650.
1377 1053 1395 1080 9
1414 1057 1438 1080 et
1453 1051 1627 1089 Hesychius:
1654 1054 1747 1087 φῖτυ·
1771 1049 1879 1088 φυτόν,

272 1104 419 1142 φύτευμα,
443 1105 640 1143 Φερεκράτης.

362 1175 484 1213 Denique
509 1174 552 1203 Fr.
580 1176 641 1204 120
654 1185 677 1213 p.
702 1175 765 1204 290
788 1174 874 1204 verba
899 1176 961 1212 τρῖς
976 1172 1119 1211 ἀπεδόθη
1142 1173 1213 1207 ζόος,
1239 1184 1310 1212 quae
1335 1176 1457 1204 servavit
1481 1174 1660 1204 Herodianus
1686 1175 1713 1203 in
1727 1174 1791 1204 loco
1805 1174 1874 1203 satis

272 1228 418 1268 impedito,
449 1228 484 1258 de
519 1238 572 1267 quo
592 1234 703 1268 praeter
726 1227 868 1257 Lehrsium
893 1229 948 1266 egit
973 1227 1112 1258 Lobekius
1134 1227 1239 1258 Pathol.
1269 1227 1302 1256 ll.
1330 1229 1371 1258 62
1398 1234 1424 1257 et
1452 1229 1529 1262 121,
1567 1237 1622 1257 non
1656 1233 1753 1257 carent
1781 1227 1876 1258 offen-

272 1284 367 1316 sione3
396 1292 457 1311 nam
491 1283 618 1312 videntur
648 1283 717 1312 haec
750 1282 823 1311 dicta
853 1292 918 1311 esse
950 1282 984 1311 de
1010 1292 1092 1312 servo
1117 1282 1256 1319 maligno,
1291 1284 1336 1320 qui
1360 1283 1481 1311 iam‘ter
1503 1284 1606 1317 veniit,
1629 1282 1665 1311 cl'.
1691 1281 1875 1311 Menandrum

270 1335 318 1375 (Τ.
341 1336 385 1365 lV.
411 1346 434 1375 p.
459 1334 545 1378 201.)
568 1335 756 1373 παλίμβολος
779 1337 951 1374 τρίπρατος,
975 1335 1020 1365 vel
1041 1337 1120 1365 etiam
1142 1335 1176 1365 de
1201 1335 1257 1366 filio
1282 1336 1413 1369 familias,
1437 1345 1518 1374 quem
1536 1341 1615 1375 pater
1631 1337 1768 1374 mancipio
1789 1335 1873 1369 dedit,

271 1396 299 1420 ut
319 1391 390 1429 apud
417 1390 530 1420 Siculos
554 1396 581 1420 et
606 1391 727 1421 fortasse
749 1392 829 1419 etiam
852 1390 923 1429 apud
944 1390 1110 1420 Sicilienses
1132 1389 1228 1419 eadem
1253 1390 1298 1419 lex
1322 1390 1387 1419 olim
1412 1390 1508 1424 fuerit,
1530 1399 1610 1429 quam
1636 1389 1741 1419 Romae
1764 1389 1875 1419 decem-

269 1446 320 1473 viri
359 1450 523 1473 sanxerunt:
562 1446 593 1473 si
626 1450 734 1483 pater
766 1444 894 1473 silium
925 1449 985 1473 ter
1008 1453 1139 1473 venum
1164 1443 1257 1477 duit,
1293 1444 1408 1473 filins
1435 1453 1451 1473 a
1475 1449 1589 1483 patre
1615 1444 1718 1473 liber
1737 1449 1826 1473 esto.
1844 1442 1872 1485 ⁷)

269 1497 370 1528 Verum
396 1499 455 1541 sive
478 1497 548 1527 hanc
573 1499 632 1527 sive
658 1497 734 1527 illam
757 1499 1006 1537 interpretationem
1031 1498 1180 1535 sequimur,
1207 1498 1302 1526 mirum
1328 1497 1438 1532 accidit,
1465 1497 1539 1536 quod
1563 1496 1627 1530 ζόος
1650 1497 1769 1531 additur,
1793 1499 1874 1536 quasi

271 1557 393 1582 mortuos
424 1561 533 1590 quoque
562 1552 681 1581 vendere
712 1557 758 1581 aut
788 1553 922 1590 mancipio
953 1551 1021 1580 dare
1053 1551 1159 1580 liceret.
1212 1550 1308 1589 ltaque
1342 1557 1389 1581 aut
1414 1552 1604 1591 accipiendum
1629 1557 1672 1581 est
1695 1551 1730 1581 de
1753 1550 1873 1586 homine,

270 1607 350 1636 cuius
380 1605 454 1636 bona
487 1607 539 1635 iam
575 1611 616 1635 ter
646 1606 796 1638 venierunt,
829 1610 856 1635 ut
888 1605 1010 1635 comicus
1036 1610 1118 1644 poeta
1146 1606 1233 1644 ipsius
1266 1604 1385 1635 hominis
1410 1614 1508 1635 nomen
1533 1615 1583 1645 pro
1603 1606 1686 1636 bonis
1708 1614 1743 1635 ac
1765 1605 1874 1635 familia

269 1659 432 1694 adhibuerit,
456 1666 502 1689 aut
527 1659 702 1689 scribendum
728 1661 791 1696 τρὶς
815 1656 992 1696 ἀνεδόθη
1015 1658 1089 1694 ζόος,
1110 1668 1181 1697 quae
1201 1659 1295 1689 dicere
1318 1665 1424 1699 poterat
1448 1659 1629 1699 Epicharmus
1643 1660 1819 1698 Pythagorae
1836 1660 1872 1689 de

270 1715 421 1744 animorum
451 1715 615 1752 migratione
640 1713 741 1753 placita
762 1713 943 1752 perlustrans.
990 1712 1112 1743 Verbum
1141 1710 1283 1751 ἀπεδόθη
1310 1715 1456 1752 quominus
1479 1723 1612 1744 venum
1637 1715 1760 1744 ivisse
1784 1715 1870 1744 inter-

269 1772 402 1811 pretarer,
426 1776 481 1797 non
504 1767 650 1797 deterritus
680 1777 739 1797 sum
752 1767 847 1797 Cobeti
872 1766 1057 1797 admonitione
1068 1766 1146 1796 Lect.
1159 1767 1228 1797 Nov.
1241 1767 1347 1806 p.159‚
1368 1769 1414 1806 qui
1425 1767 1556 1806 Hesychii
1568 1768 1695 1806 glossam
1706 1766 1871 1810 ἀποδοθῇ·

269 1819 378 1862 πραθῇ
409 1822 583 1851 vehementer
602 1815 655 1851 sihi
680 1825 835 1860 suspectam
859 1830 923 1851 esse
950 1820 1093 1855 dictitans,
1124 1826 1199 1851 recte
1224 1821 1333 1860 quidem
1365 1821 1525 1852 observavit
1548 1823 1653 1861 passivi
1677 1822 1756 1852 verbi
1778 1824 1869 1852 notio-

268 1884 328 1903 nem
346 1874 471 1903 assmedio
486 1874 623 1903 vocabulo
649 1872 859 1902 ἀποδίδοσθαι
875 1874 901 1902 h.
924 1883 948 1903 e.
972 1883 1101 1903 venum
1122 1874 1210 1903 dare
1234 1875 1353 1904 alienam
1374 1884 1448 1908 esse,
1472 1876 1522 1904 sed
1534 1877 1615 1905 Attici
1639 1878 1778 1905 sermonis
1801 1876 1872 1906 haec

267 1929 421 1968 proprietas
444 1928 515 1962 fuit;v
534 1927 689 1966 Hesychius
716 1933 805 1958 antem
833 1937 939 1958 omnem
970 1927 1070 1957 Graeci
1105 1929 1240 1958 sermonis
1273 1928 1501 1958 consuetudinem
1538 1928 1758 1969 comprehendit,
1789 1934 1872 1969 atque

268 1982 403 2016 solitaria,
427 1987 455 2011 ut
473 1990 523 2021 par
542 1986 592 2014 est,
616 1981 700 2011 multo
713 1982 802 2019 magis
814 1990 893 2019 quam
912 1986 1063 2020 pervagata
1076 1983 1193 2012 notavit:
1217 1983 1295 2011 nulla
1307 1984 1391 2020 igitur
1406 1991 1493 2011 causa
1513 1988 1563 2016 est.
1581 1992 1632 2012 cur
1654 1985 1872 2020 grammaticum,

341 2119 363 2151 τ)
381 2119 453 2145 Alias
476 2127 579 2154 quoque
604 2118 701 2152 passim
726 2119 796 2152 apud
819 2118 936 2145 Italiotas
959 2122 986 2145 et
1010 2118 1160 2146 Sicilienses
1183 2119 1367 2153 indigenarum
1391 2120 1514 2146 instituta
1534 2120 1782 2154 deprehenduntur,
1798 2121 1872 2147 velut

267 2161 428 2189 Dinolochus
446 2170 486 2197 ap.
505 2162 638 2188 Pollucem
654 2162 699 2189 IV.
719 2162 769 2188 174
787 2160 1100 2198 τετταρακονταλίτρους
1116 2161 1167 2188 τινὶ
1190 2162 1316 2200 νεανίσκῳ
1334 2161 1418 2194 πέδας
1434 2164 1481 2189 ubi
1498 2164 1576 2196 dicit,
1599 2164 1627 2189 in
1643 2164 1793 2190 memoriam
1801 2173 1873 2190 revo-

268 2209 310 2233 cat
330 2205 415 2239 legem
432 2206 488 2232 XII
509 2205 655 2232 tabularum
678 2206 711 2232 de
736 2205 861 2232 addictis:
897 2205 932 2231 ni
953 2206 1141 2232 iudicatum
1165 2207 1253 2233 facit
1271 2226 1300 2233 ..
1324 2226 1331 2233 .
1352 2227 1357 2232 .
1385 2216 1497 2233 secum
1518 2208 1644 2240 ducito,
1663 2208 1795 2234 vincito
1813 2210 1872 2234 aut

266 2257 367 2276 nervo
385 2251 442 2275 aut
467 2249 702 2283 compedibus:
730 2249 782 2274 XV
797 2249 908 2282 pondo
930 2258 967 2275 ne
992 2250 1128 2280 maiore,
1147 2254 1204 2276 aut
1221 2250 1250 2275 si
1268 2250 1360 2276 volet
1378 2251 1508 2277 minore
1527 2252 1667 2277 vincito.
