2163 2788
1066 82 1085 104 V
2043 0 2163 180 q

273 179 336 200 nam
364 179 389 200 v.
412 171 433 199 2
464 170 569 209 aliquid
597 172 773 210 interceptum
803 180 868 203 esse
901 180 956 201 uon
989 171 1079 201 solum
1110 179 1211 201 versus
1236 171 1296 205 lex,
1329 170 1380 200 sed
1404 172 1485 200 etiam
1515 172 1577 210 ipsa
1606 174 1741 202 sententia
1763 175 1871 211 ιιι-ζαὴς

272 226 372 255 etenim
383 224 477 255 edulia
488 225 568 255 etiam
592 234 634 259 ea,
656 234 728 264 quae
750 234 835 266 supra
857 230 937 265 poeta
949 226 1104 260 recensuit;
1127 226 1280 255 sententiae
1303 225 1442 255 institutae
1462 225 1594 255 consulas
1617 225 1670 256 hoc
1692 226 1871 259 fereJnodo:

628 300 688 330 ταῖν
710 299 804 344 δ’(ἒπ
814 312 834 331 α
847 312 888 331 κτ
898 300 946 330 ὧν
969 298 1107 342 παρῆς)
1130 301 1299 339 βρωμάτων
1325 298 1395 329 οὐδὲ
1415 298 1456 330 ἓν.

274 375 305 405 V.
335 377 347 406 l
369 374 462 415 Ὄρυα
485 378 627 412 revocavi,
653 378 726 417 qnod
751 377 932 408 Casauhonus
956 377 1083 416 scripsit,
1107 385 1168 406 cum
1199 377 1227 405 in
1250 375 1332 406 libris
1356 377 1391 406 sit
1415 374 1497 414 ὄρεα,
1520 377 1690 407 recentiores
1714 375 1789 416 ὀρύα
1813 377 1872 408 edi-

270 430 382 459 derunt:
396 436 549 470 correptam
561 437 649 461 autem
658 434 759 471 passim
775 432 862 461 fnisse
877 432 1054 461 novissimam
1068 430 1205 468 syllabam
1217 430 1326 459 videtur
1336 431 1514 460 Aristarchus
1522 432 1626 465 testari,
1636 431 1870 469 vid.Theognost.

271 485 299 513 in
325 483 414 513 Cram.
440 486 490 514 An.
514 483 566 514 Ox.
591 484 625 520 ll,
645 486 712 519 106,
736 485 790 517 19:
820 484 917 519 οῖσύα,
941 482 1050 518 κωδύα,
1071 483 1189 527 faeda,
1214 483 1291 518 ὶξύα,
1315 483 1418 519 σικύα,
1434 483 1530 519 ἶγνύα,
1554 481 1630 522 ὀρύα
1651 507 1657 514 .
1678 482 1869 523 Ἀρίσταρχος

268 537 426 567 συστέλλει
459 539 493 567 τὸ
524 540 548 568 (ἶ
575 541 623 568 καὶ
653 538 779 569 ἐκτείνει
802 539 838 568 τό
860 539 883 565 ἶ
906 540 956 567 καὶ
987 538 1219 576 προποροξύνει,
1241 537 1408 576 ἐναλλαγὴν
1431 538 1521 567 τόνου
1546 540 1596 567 καὶ
1616 538 1725 576 χρόνον
1737 549 1871 577 πεποιη-

271 592 328 625 κώς
351 592 401 632 (ita
421 593 617 623 restituendum
641 602 674 623 ex
699 593 818 623 Bekkeri
843 593 946 623 Anecd.
975 591 1020 622 ΙΙΙ.
1045 603 1070 632 p.
1096 593 1179 623 1382
1202 594 1228 622 in
1257 593 1348 623 indice
1378 603 1404 623 v.
1427 592 1558 633 ἰγνύα.),
1593 590 1632 626 ὥς
1654 600 1748 632 φησιν
1765 590 1870 632 ‘Hem-

267 646 379 680 διανός.
433 646 547 676 Videtur
572 647 642 677 haec
673 647 812 677 adnotatio
837 647 882 676 ad
913 648 1091 677 novissimum
1114 647 1280 676 vocabulum
1305 645 1381 684 ὀρύα
1403 652 1545 686 spectare,
1568 657 1732 687 quamquam
1749 648 1870 678 fortasse

268 701 352 732 latius
365 702 489 742 patebat:
512 700 668 731 Lobeckius
691 701 848 731 Pathol.II.
864 702 904 731 29
929 700 964 730 ad
990 698 1081 733 ὅξύαν
1105 700 1205 735 retulit,
1230 700 1303 740 quod
1322 706 1405 731 antea
1417 689 1617 740 Theognostus
1629 702 1760 737 adhibuit,
1775 711 1869 742 parum

267 756 418 787 verisimile
457 761 532 786 ratus
562 756 749 786 Aristarchum
792 756 826 786 de
850 756 966 794 ignobili
996 757 1104 786 nomine
1137 754 1213 794 ὀρύα
1253 756 1374 786 locutum
1406 766 1487 791 esse,
1517 756 1544 786 id
1569 757 1644 795 quod
1674 757 1739 787 mihi
1759 757 1870 795 quidem

267 820 351 840 secus
375 811 489 840 videtur.
520 810 574 839 lam
599 812 799 850 correptionem
825 810 936 839 ultimae
960 810 1088 848 syllabae
1111 810 1155 839 hic
1178 811 1239 849 ipse
1258 820 1358 839 versus
1380 815 1512 845 testatur,
1539 811 1747 850 productionem
1770 820 1869 851 paen-

267 864 377 894 ultimae
401 874 455 894 non
479 866 558 899 item,
583 864 633 894 sed
657 865 777 894 sortasse
801 864 949 894 fluctuabat
975 874 1050 898 usus,
1075 870 1102 893 ut
1127 864 1317 903 Epicharmus,
1338 874 1418 903 quem
1444 866 1559 904 saepius
1580 865 1633 895 hoc
1656 866 1766 895 nornine
1791 875 1869 895 usum

266 928 330 947 esse
355 924 380 948 et
403 919 447 947 vel
471 919 583 947 fabulae
606 919 659 948 hoc
684 928 782 947 nomen
807 918 941 947 indidisse
961 924 1058 947 auctor
1082 924 1124 947 est
1147 918 1321 951 Athenaeus,
1352 918 1420 946 alibi
1446 927 1506 947 eam
1530 919 1668 956 syllabam
1692 920 1867 958 produxerit:

264 977 347 1010 atque
371 972 525 1010 Hesychius
548 971 701 1011 Epicharmi
727 972 897 1002 comoediam
923 969 1036 1010 ὀροῦαν
1075 972 1233 1010 inscriptam
1257 972 1346 1001 fuisse
1370 976 1500 1007 testatur,
1533 973 1579 1002 ubi
1594 975 1739 1011 corrigunt
1762 971 1865 1012 ὀρούα,

265 1026 317 1055 sed
350 1028 439 1065 potius
463 1025 557 1064 ὅρουα
579 1025 763 1055 scribendum.
778 1025 807 1064 2)
853 1026 946 1063 Magis
967 1026 1087 1058 offendit.
1108 1026 1181 1063 quod
1201 1025 1301 1054 deinde
1325 1024 1465 1063 τυρίδιον
1487 1027 1529 1065 (in
1549 1027 1631 1056 libris
1652 1033 1695 1056 est
1710 1028 1866 1067 τηρήδιον)

264 1080 494 1119 antepaenultima
516 1080 649 1119 producta
671 1084 751 1118 poeta
774 1080 884 1109 extulit:
917 1080 968 1109 sed
991 1085 1100 1109 tuentur
1122 1079 1328 1119 productionem
1347 1080 1489 1119 exempla,
1512 1090 1585 1119 quae
1611 1081 1646 1110 ad
1670 1083 1863 1122 Aristophanis

264 1133 372 1172 Fragm.
394 1144 419 1173 p.
439 1134 523 1164 1060
546 1134 671 1167 adhibui3
694 1143 748 1163 non
775 1133 863 1163 solum
885 1134 920 1163 ab
946 1132 1090 1172 ἀργύριον
1113 1133 1257 1163 descendit
1279 1129 1457 1172 ἀργυρίδιον
1480 1135 1539 1164 alia
1555 1135 1583 1164 id
1595 1144 1694 1173 genus,
1707 1137 1758 1166 sed
1778 1139 1859 1167 etiam

264 1197 282 1217 a
298 1188 479 1221 deminutivis,
504 1188 578 1217 velut
591 1193 616 1216 et
633 1188 753 1216 τιτθίον
764 1193 790 1217 et
798 1182 954 1216 τιτθὶὄιον
965 1193 1045 1222 extat,
1069 1186 1262 1216 δακτυλίδιον
1275 1193 1364 1217 autem
1374 1189 1440 1222 olim
1454 1190 1534 1218 etiam
1542 1188 1578 1217 τὸ
1590 1188 1755 1219 δακτυλίον
1768 1192 1795 1220 in
1810 1200 1862 1220 usu

263 1242 352 1271 fuisse
363 1241 443 1271 fidem
455 1241 537 1275 facit,
564 1242 601 1270 ita
612 1241 684 1280 quod
694 1240 856 1271 Teleclides
870 1242 972 1280 τυρίον
984 1242 1058 1276 dixit,
1078 1241 1241 1281 Epicharmo
1254 1247 1295 1271 est
1304 1239 1451 1281 τυρῖδιον.
1475 1242 1527 1272 Sin
1542 1248 1632 1273 tamen
1642 1246 1705 1283 quis
1713 1250 1797 1283 neget
1807 1245 1860 1275 hoc

263 1295 406 1325 ferendum
430 1304 502 1329 esse,
531 1296 629 1334 poterit
652 1294 786 1333 τυρίδιον
809 1292 839 1332 ἧς
863 1296 997 1329 scribere,
1020 1305 1082 1325 nam
1106 1297 1262 1334 τυρίσκιον
1284 1297 1365 1325 nimis
1389 1297 1497 1326 recedit
1520 1305 1538 1325 a
1561 1297 1695 1327 librorum
1721 1300 1860 1338 scriptura

262 1358 355 1388 neque
372 1349 443 1379 alias
469 1348 577 1386 legitur.
600 1365 644 1370 —
667 1348 826 1378 Perialli
851 1358 931 1378 unum
957 1354 1029 1379 extat
1049 1350 1230 1388 fragmentum
1257 1359 1282 1388 p,
1305 1349 1385 1383 249;
1416 1359 1488 1389 quae
1513 1351 1547 1380 de
1573 1349 1631 1383 hoc
1656 1352 1736 1382 titulo
1753 1352 1860 1383 Loren·

262 1405 321 1432 zius
344 1413 369 1441 p.
398 1402 459 1432 147
484 1402 556 1431 alios
581 1408 692 1431 secutus
719 1404 860 1440 exposuit,
886 1403 1079 1441 improbabilia
1102 1409 1166 1432 sunt
1189 1405 1314 1436 omnino;
1337 1404 1501 1441 περίαλλος
1526 1403 1608 1446 (haec
1634 1407 1705 1435 enim
1719 1408 1792 1436 iusta
1816 1412 1860 1436 est

262 1455 392 1488 vocabuli
413 1456 511 1492 forma,
536 1455 572 1484 cf.
598 1455 727 1484 Meineke
752 1455 787 1484 ad
812 1455 933 1495 Alciphr.
958 1466 982 1495 p.
1009 1456 1083 1494 108)
1114 1457 1264 1486 secuudum
1288 1459 1484 1496 grammaticos
1510 1465 1553 1488 est
1575 1458 1689 1495 ἰσχίον,
1722 1459 1860 1489 eiusmodi

263 1510 357 1540 titulus
382 1519 436 1540 nou
457 1511 547 1548 magis
571 1509 606 1539 ab
632 1509 785 1549 Epicharmi
811 1511 921 1548 ingenio
938 1510 1076 1545 abhorret,
1102 1520 1183 1550 quam
1198 1510 1290 1549 Ὄρυα
1308 1513 1367 1542 sive
1382 1511 1501 1551 Ὄρουα,
1521 1522 1577 1552 qua
1588 1514 1699 1553 quidem
1712 1515 1739 1543 in
1752 1513 1857 1546 fabula.

263 1566 287 1593 si
300 1570 374 1593 recte
386 1564 542 1593 Meinekius
551 1563 622 1602 apud
632 1563 796 1601 Hesychium
811 1573 833 1592 S.
844 1564 868 1592 h.
878 1573 948 1593 voce
963 1564 1010 1592 σύ
1016 1572 1108 1603 στρε
1118 1576 1197 1602 μμα
1211 1567 1371 1595 πολιτικὸν
1385 1569 1547 1601 emendavit,
1560 1568 1696 1598 factiosos
1705 1570 1782 1597 cives
1791 1577 1858 1597 exa-

261 1619 363 1656 gitatos
374 1627 437 1659 esse
450 1618 593 1651 coniicias;
610 1616 660 1646 sed
673 1617 880 1651 hocincertum,
894 1626 954 1647 nam
967 1618 1075 1648 videtur
1086 1619 1129 1648 hic
1141 1625 1222 1659 poeta
1234 1620 1433 1660 rempublicam
1449 1622 1560 1652 omnino
1573 1630 1627 1652 non
1644 1623 1781 1661 attigisse.
1800 1621 1856 1651 lam

261 1672 381 1705 fabulae,
405 1681 475 1710 quae
488 1671 652 1709 Περίαλλος
666 1673 796 1710 inscripta
806 1672 862 1705 suit,
885 1678 1073 1709 argumentum
1086 1674 1213 1703 fabulare
1226 1674 1315 1704 fuisse
1327 1677 1484 1714 suspicetur
1497 1676 1608 1714 aliquis,
1625 1681 1652 1705 ut
1666 1675 1820 1715 Oedipodis
1832 1682 1859 1706 et

261 1725 376 1754 filiorum
391 1724 534 1753 discidium
547 1725 735 1757 illustraverit,
761 1724 814 1753 vid.
829 1723 923 1754 Schol.
945 1724 1029 1764 Soph.
1043 1725 1114 1756 Oed.
1133 1726 1193 1755 Col.
1223 1727 1322 1762 1375,
1344 1728 1394 1757 sed
1411 1737 1471 1757 cum
1497 1733 1604 1757 constet
1627 1735 1736 1759 veteres
1759 1729 1858 1759 modos

264 1780 385 1808 musicos
409 1778 507 1808 efficax
531 1778 691 1808 ischiadicis
716 1778 864 1807 remedium
889 1778 1058 1814 adhibuisse,
1087 1779 1148 1809 vide
1174 1789 1245 1819 quae
1269 1780 1464 1821 Theophrasto
1474 1788 1589 1813 auctore
1602 1789 1716 1813 narrant
1728 1783 1857 1824 Apollou.

260 1833 362 1862 Mirab.
383 1842 406 1863 c.
422 1833 450 1867 4,
475 1833 570 1863 Athen.
591 1832 662 1866 XIV,
687 1832 759 1861 624.
784 1834 814 1866 Α,
838 1832 942 1862 Plinius
963 1832 996 1862 H.
1011 1833 1042 1869 N,
1056 1833 1175 1863 XXVlll
1199 1835 1250 1869 21,
1273 1835 1394 1866 sortasse
1418 1839 1542 1867 comicus
1566 1837 1856 1877 aliquemhocrnorbo

260 1887 430 1917 laborantem
454 1887 573 1922 induxit,
597 1891 672 1915 certe
686 1875 756 1915 huic
782 1887 936 1925 suspicioni
960 1895 1015 1916 non
1039 1887 1204 1917 adversatur
1229 1898 1309 1918 unum
1334 1890 1407 1928 quod
1423 1896 1551 1930 superest
1566 1891 1758 1930 fragmentum,
1781 1893 1856 1932 quod

261 1943 298 1972 ita
322 1941 561 1980 redintegrandum
584 1949 703 1970 censeo:

1166 2002 1282 2039 Σεμέλα
1305 2002 1339 2031 δὲ
1355 2004 1474 2042 χορεύει

613 2055 661 2082 καὶ
685 2049 815 2083 {notul-el
838 2054 917 2093 ψιλὰ
939 2054 1035 2092 σοφὸς
1060 2055 1179 2094 κιθάρᾳ
1201 2057 1428 2095 παριαμβίδας·
1454 2055 1474 2087 οἵ
1493 2058 1526 2089 δὲ
1546 2060 1673 2095 γεγάθει

612 2106 748 2136 πυκινῶν
770 2107 905 2146 κρεγμῶν
927 2107 1141 2147 ἀκροαζομένα.

332 2182 354 2215 ²)
373 2182 459 2207 Etiam
476 2182 548 2208 tituli
566 2183 714 2209 fabularum
738 2183 800 2209 olim
820 2183 922 2209 doricae
942 2183 1049 2210 dialecti
1066 2183 1170 2217 legibus
1187 2186 1381 2218 accommodati,
1400 2186 1473 2213 velut
1485 2184 1626 2221 εΙῑΙροικλῆς
1644 2185 1660 2212 ὅ
1679 2196 1755 2222 ηοιρΔ
1767 2185 1851 2224 Φόλῳ

258 2226 342 2252 fuisse
360 2225 469 2258 videtur,
487 2235 540 2252 non
556 2224 638 2260 παρὰ,
659 2229 729 2252 certe
746 2226 898 2259 Apollonius
917 2228 1029 2253 testatur
1047 2227 1189 2254 Dorienses
1207 2237 1262 2263 παρ
1283 2225 1366 2265 Φόλῳ
1386 2229 1474 2256 dicere
1492 2230 1582 2257 solitos
1600 2239 1666 2257 esse.
